mtgox48h_3003.txt
mtgox
1364637833735
1364810633735
1364634188,92.29995,2.48826319,1364634188865674,BID
1364634189,92.29995,0.3568,1364634189792286,BID
1364634199,92.29995,1.47028442,1364634199961260,BID
1364634396,92.29,0.876,1364634396529848,ASK
1364634455,92.00001,2.22730251,1364634455233410,BID
1364634455,92,2.87748232,1364634455313006,BID
1364634581,92.27999,2.22730251,1364634581361682,ASK
1364634581,92.29,1.04545806,1364634581665552,ASK
1364634648,92,0.01874298,1364634648857041,BID
1364634669,92.00001,0.121,1364634669320017,BID
1364634956,92.26999,0.121,1364634956256818,ASK
1364634956,92.26999,0.447,1364634956351511,ASK
1364634956,92.27,4.9569364,1364634956399187,ASK
1364634956,92.29,0.0835636,1364634956458881,ASK
1364635040,92.29,0.02166847,1364635040111392,ASK
1364635085,92.18714,0.26096004,1364635085681975,BID
1364635085,92.18713,1.73903996,1364635085924255,BID
1364635109,92.18713,0.23196004,1364635109811259,BID
1364635109,92,1.76803996,1364635109884453,BID
1364635131,92.00001,1.28712588,1364635131698977,BID
1364635131,92,0.71287412,1364635131775957,BID
1364635165,92,4.36681137,1364635165352666,BID
1364635165,92,8.02318863,1364635165414665,BID
1364635178,92,0.5,1364635178484942,BID
1364635205,92,3.50413799,1364635205122416,BID
1364635253,92,0.5,1364635253403460,BID
1364635256,92,0.199,1364635256032597,BID
1364635257,92,0.1,1364635257937102,BID
1364635318,92,2,1364635318771901,BID
1364635395,92,5.1061063,1364635395790007,BID
1364635415,92,2,1364635415797572,BID
1364635423,92,25,1364635423690378,BID
1364635439,92,10,1364635439804097,BID
1364635522,92,5,1364635522445160,BID
1364635528,92,4.11106708,1364635528544538,BID
1364635528,91.9,0.88893292,1364635528610662,BID
1364635541,92,0.9822539,1364635541441747,ASK
1364635542,91.90001,0.66298229,1364635542069739,BID
1364635542,91.9,4.33701771,1364635542145474,BID
1364635612,91.9,1,1364635612263052,BID
1364635648,91.9,1,1364635648194246,BID
1364635679,91.9,0.30921588,1364635679155481,BID
1364635692,91.89999,1.01690065,1364635692499611,ASK
1364635695,91.89999,1,1364635695890446,ASK
1364635702,91.80091,1.10553411,1364635702751406,BID
1364635702,91.8009,0.89446589,1364635702823543,BID
1364635743,91.80092,0.1160432,1364635743229565,BID
1364635743,91.8009,4.3008568,1364635743327550,BID
1364635833,91.8009,0.6005,1364635833279043,BID
1364635921,91.8009,0.09601966,1364635921735380,BID
1364636048,91.8009,0.66193927,1364636048950670,BID
1364636050,91.89999,3.4,1364636050068206,ASK
1364636057,91.8009,10.269,1364636057219481,BID
1364636058,91.8009,3.6852244,1364636058024430,BID
1364636058,91.8,0.01,1364636058094285,BID
1364636058,91.8,0.42792581,1364636058132453,BID
1364636058,91.75004,0.34787595,1364636058275677,BID
1364636058,91.75004,0.26090696,1364636058346812,BID
1364636058,91.75004,0.19568022,1364636058415507,BID
1364636058,91.75003,5.07238666,1364636058661065,BID
1364636089,91.89999,1.17562969,1364636089266902,ASK
1364636092,91.9,0.12687998,1364636092871533,BID
1364636159,91.9,8.69749033,1364636159377058,BID
1364636159,91.75003,426.94579682,1364636159486300,BID
1364636159,91.72849,2.13798,1364636159715344,BID
1364636159,91.59116,1.09180847,1364636159842245,BID
1364636159,91.5,10,1364636159913978,BID
1364636159,91.27213,2.3058,1364636159956464,BID
1364636160,91.25486,1.56979156,1364636160014009,BID
1364636160,91.23172,0.48321621,1364636160184524,BID
1364636160,91.2,1.4031,1364636160276227,BID
1364636160,91.1513,0.18399096,1364636160359866,BID
1364636160,91.01828,0.8065575,1364636160431363,BID
1364636160,91,5,1364636160518082,BID
1364636160,90.9,5,1364636160557000,BID
1364636160,90.81804,2.31575,1364636160596747,BID
1364636160,90.8012,0.18343311,1364636160649303,BID
1364636160,90.8,5,1364636160693121,BID
1364636160,90.75741,1.3442625,1364636160735421,BID
1364636160,90.73349,0.10741722,1364636160783142,BID
1364636160,90.68431,1.10272659,1364636160829050,BID
1364636160,90.6,5,1364636160886980,BID
1364636160,90.511,4,1364636160944702,BID
1364636160,90.5,0.57432872,1364636160990464,BID
1364636161,90.5,1,1364636161063817,BID
1364636161,90.5,0.59574932,1364636161185949,BID
1364636194,91.9,5.552,1364636194346966,BID
1364636197,91.9,1.09611023,1364636197642945,BID
1364636236,91.9,3.35188977,1364636236164198,BID
1364636236,91.9,1.64811023,1364636236497191,BID
1364636254,91.9,0.18196445,1364636254834866,BID
1364636259,91.11655,0.01,1364636259642237,BID
1364636347,91.11655,3.2,1364636347787249,BID
1364636466,91.96999,2.53195634,1364636466906912,ASK
1364636471,91.96999,0.90068918,1364636471252183,ASK
1364636494,91.97,0.48913043,1364636494623164,ASK
1364636514,91.96999,2.14378082,1364636514721161,BID
1364636530,90.80121,0.01,1364636530832025,BID
1364636562,91.96998,0.02173913,1364636562686550,ASK
1364636577,90.80121,0.01,1364636577482702,BID
1364636611,91.96999,0.1916775,1364636611117890,ASK
1364636632,91.11657,0.01,1364636632852794,BID
1364636637,91.96999,0.4349,1364636637871305,ASK
1364636648,91.11657,0.01,1364636648414307,BID
1364636650,91.96999,0.32841478,1364636650118461,ASK
1364636655,91.11657,0.01,1364636655525894,BID
1364636718,91.9,0.0155029,1364636718800282,ASK
1364636735,91.9,0.0844971,1364636735770890,ASK
1364636752,91.90001,0.1455029,1364636752553215,BID
1364636753,91.11657,0.8544971,1364636753164028,BID
1364636846,91.96999,0.09499067,1364636846731845,ASK
1364636847,91.96999,0.84996827,1364636847397789,ASK
1364636847,91.97,0.0402854,1364636847541265,ASK
1364636872,91.97,0.16115254,1364636872896022,ASK
1364636997,91.90002,0.02699398,1364636997282791,BID
1364636997,91.11656,0.05634572,1364636997374376,BID
1364636997,91.11656,1.9166603,1364636997430000,BID
1364636999,91.97,6.30943163,1364636999186484,ASK
1364636999,91.97,1.906502,1364636999252016,ASK
1364636999,91.99,0.000209,1364636999330699,ASK
1364636999,92,0.03564653,1364636999387935,ASK
1364636999,92,0.50111084,1364636999465257,ASK
1364637002,91.11656,0.01833617,1364637002921144,BID
1364637026,91.11656,0.06500353,1364637026181004,BID
1364637026,90.81,0.93499647,1364637026954676,BID
1364637511,91.81002,0.606,1364637511052922,BID
1364637571,91.81002,0.17487692,1364637571146598,BID
1364637571,91.72849,0.13206,1364637571406543,BID
1364637571,91.27213,0.1427,1364637571489417,BID
1364637571,91,0.05036308,1364637571545765,BID
1364637582,91.98997,0.0544,1364637582510859,ASK
1364637583,91.00001,0.01,1364637583468286,BID
1364637749,91.98996,0.7534709,1364637749979572,ASK
1364637769,91.98997,0.7383291,1364637769089104,BID
1364637900,91.98996,0.1087,1364637900719677,ASK
1364637985,91.98996,0.1529709,1364637985255638,ASK
1364637985,91.98998,0.05143836,1364637985350517,ASK
1364637985,91.98998,0.082898,1364637985405088,ASK
1364637985,91.99,5.47,1364637985478064,ASK
1364637985,91.99998,1.14269274,1364637985534240,ASK
1364638095,91.50001,1.4,1364638095405033,BID
1364638612,91.50002,0.17365088,1364638612055374,BID
1364638612,91.5,0.2186,1364638612136334,BID
1364638612,91.4,0.2177,1364638612180331,BID
1364638612,91.4,0.09646763,1364638612239803,BID
1364638612,91.01,2,1364638612289428,BID
1364638612,91.00002,0.05941804,1364638612367694,BID
1364638612,91.00001,0.10989009,1364638612559288,BID
1364638612,91,0.94963692,1364638612624028,BID
1364638612,91,4.73729617,1364638612706078,BID
1364638613,91.74989,1,1364638613801206,ASK
1364638614,91.00001,0.01,1364638614701963,BID
1364638627,91.74989,0.57365088,1364638627585948,ASK
1364638627,91.7499,0.25,1364638627677499,ASK
1364638627,91.96,4.10578672,1364638627956094,ASK
1364638638,91.00002,3.84,1364638638812362,BID
1364638640,91.00002,0.029,1364638640026585,BID
1364638640,91.00002,0.11199494,1364638640794793,BID
1364638657,91.00002,0.29183893,1364638657178832,BID
1364638662,91.96,0.89421328,1364638662239576,ASK
1364638662,91.99,4.03093739,1364638662294850,ASK
1364638679,91.98999,1.02443134,1364638679244583,ASK
1364638702,91.98999,0.02174149,1364638702675691,ASK
1364638746,91.00002,1.95274267,1364638746904910,BID
1364638825,91.07145,0.19999,1364638825343921,BID
1364638988,91.94969,1.31394485,1364638988632315,ASK
1364638989,91.94968,3.18,1364638989702616,BID
1364639088,91.12976,0.419,1364639088709408,BID
1364639092,91.12976,0.64,1364639092512350,BID
1364639096,91.12976,0.01070062,1364639096378010,BID
1364639209,91.94968,2.56445895,1364639209680587,ASK
1364639271,91.94968,0.43686336,1364639271710859,ASK
1364639289,91.9497,0.05481577,1364639289088597,ASK
1364639307,91.9613,0.05,1364639307768962,ASK
1364639307,91.9613,0.01,1364639307852963,ASK
1364639324,91.98998,0.05152155,1364639324331699,ASK
1364639324,91.98999,4.48133237,1364639324408373,ASK
1364639333,91.96132,0.0204392,1364639333131127,BID
1364639365,91.21226,0.01,1364639365785318,BID
1364639406,91.94969,0.3079,1364639406837385,ASK
1364639428,91.21226,0.01,1364639428749119,BID
1364639438,91.94969,0.8,1364639438601032,ASK
1364639442,91.21226,0.01,1364639442127431,BID
1364639489,91.21226,0.16018562,1364639489288049,BID
1364639592,91.94969,1.9121,1364639592505695,ASK
1364639592,91.94969,0.006258,1364639592553058,ASK
1364639592,91.96131,5.8761308,1364639592594892,ASK
1364639592,91.98999,4.37597489,1364639592654220,ASK
1364639592,91.99,0.08228611,1364639592706087,ASK
1364639595,91.21226,0.01,1364639595251599,BID
1364639731,91.98999,0.00002152,1364639731169649,ASK
1364639762,91.79001,0.15238114,1364639762828136,BID
1364639818,91.79001,0.0890797,1364639818899324,BID
1364639818,91.79,0.4679,1364639818960518,BID
1364639821,91.21228,0.01,1364639821809194,BID
1364639925,91.78999,0.42206414,1364639925816794,ASK
1364639998,91.78999,0.45,1364639998704687,BID
1364640113,91.79,0.66820841,1364640113394161,ASK
1364640113,91.92,2,1364640113477280,ASK
1364640113,91.95,1.60350608,1364640113556567,ASK
1364640151,91.95,0.48918361,1364640151666520,ASK
1364640207,91.23001,4.5,1364640207939765,BID
1364640211,91.95,0.02174149,1364640211620451,ASK
1364640226,91.95,0.88556882,1364640226831043,ASK
1364640226,91.99,1.28953118,1364640226893713,ASK
1364640240,91.23001,0.0058358,1364640240527839,BID
1364640316,91.23003,0.86683176,1364640316820924,BID
1364640456,91.23004,0.08,1364640456503847,BID
1364640464,91.23004,0.05062085,1364640464037891,BID
1364640550,91.27999,1,1364640550949345,ASK
1364640556,91.27999,0.00173137,1364640556479489,ASK
1364640590,91.27999,3,1364640590392003,ASK
1364640591,91.23002,0.05,1364640591781299,BID
1364640691,91.27999,0.5,1364640691076884,ASK
1364640709,91.27999,1.00155704,1364640709550853,ASK
1364640709,91.28,0.47623597,1364640709636236,ASK
1364640761,91.28,0.52376403,1364640761370290,ASK
1364640761,91.9,1,1364640761483323,ASK
1364640761,91.98998,0.01,1364640761559394,ASK
1364640761,91.99,3.09879845,1364640761614964,ASK
1364640792,91.26448,0.0123,1364640792184784,BID
1364640792,91.26448,1.0045,1364640792922571,BID
1364640795,91.26448,0.76,1364640795748355,BID
1364640800,91.26448,3.64191143,1364640800032041,BID
1364640826,91.99,0.01905,1364640826839996,ASK
1364640990,91.50001,0.61203394,1364640990909804,BID
1364640991,91.5,0.2175,1364640991011582,BID
1364640991,91.3,0.16618704,1364640991051278,BID
1364641041,91.30001,2.24,1364641041046048,BID
1364641084,91.4,0.2177,1364641084646437,BID
1364641084,91.3,0.05181296,1364641084711250,BID
1364641084,91.27,3,1364641084810458,BID
1364641085,91.26449,0.05828031,1364641085019025,BID
1364641085,91.26449,0.06182773,1364641085296117,BID
1364641085,91.26,1.107,1364641085372372,BID
1364641086,91.23003,12.8679848,1364641086004057,BID
1364641090,91.40001,0.19795761,1364641090423836,BID
1364641188,91.29999,1.59474167,1364641188123864,ASK
1364641205,91.29999,5,1364641205183029,ASK
1364641217,91.29999,0.06055794,1364641217729934,ASK
1364641232,91.23003,10,1364641232855298,BID
1364641296,91.23003,0.05,1364641296699385,BID
1364641298,91.29999,0.0492,1364641298813686,ASK
1364641346,91.29999,1.76420337,1364641346574394,ASK
1364641346,91.3,2.86734431,1364641346728651,ASK
1364641405,91.3,0.1095,1364641405919835,ASK
1364641438,91.3,6.82755117,1364641438718415,ASK
1364641443,91.23004,0.01879609,1364641443905052,BID
1364641445,91.23004,0.1058387,1364641445272160,BID
1364641445,91.23003,6.3662135,1364641445342894,BID
1364641482,91.29999,0.00005805,1364641482538992,ASK
1364641644,91.29999,0.0164,1364641644769094,ASK
1364641661,91.23003,10,1364641661210908,BID
1364641696,91.29999,0.10817674,1364641696387096,ASK
1364641696,91.3,0.05089463,1364641696467728,ASK
1364641749,91.3,47.79,1364641749547898,ASK
1364641865,91.3,0.03307308,1364641865829922,ASK
1364641886,91.3,5.7396792,1364641886929786,ASK
1364641887,91.68535,1.33332249,1364641887196508,ASK
1364641887,91.8138,2.22220415,1364641887805283,ASK
1364641888,91.94225,0.70479416,1364641888138238,ASK
1364641890,91.94225,1.07296916,1364641890683572,ASK
1364641891,91.97,5.00177712,1364641891796602,ASK
1364641892,91.98,3.92525372,1364641892343495,ASK
1364641990,91.98,1.07474628,1364641990542937,ASK
1364642003,91.98001,0.1,1364642003211735,BID
1364642024,91.98999,0.05019272,1364642024398928,ASK
1364642024,91.98999,0.00561585,1364642024456598,ASK
1364642048,91.98999,0.04979256,1364642048025527,ASK
1364642048,91.98999,0.16096849,1364642048102464,ASK
1364642060,91.98001,2,1364642060683638,BID
1364642084,91.98001,4.40005372,1364642084275280,BID
1364642171,91.23006,4,1364642171658470,BID
1364642248,91.88997,1,1364642248107179,ASK
1364642251,91.88997,0.045955,1364642251490443,ASK
1364642350,91.88997,0.02192261,1364642350780620,ASK
1364642447,91.29001,0.17,1364642447842585,BID
1364642504,91.88997,2.93212239,1364642504068403,ASK
1364642504,91.88998,0.1,1364642504148065,ASK
1364642504,91.97999,0.5,1364642504209106,ASK
1364642504,91.97999,0.5,1364642504275160,ASK
1364642504,91.98001,0.96787761,1364642504351365,ASK
1364642530,91.98,0.17,1364642530087652,ASK
1364642530,91.98001,1.48129262,1364642530184092,ASK
1364642540,91.98001,1.64967687,1364642540618088,ASK
1364642541,91.98001,1.65129262,1364642541909812,ASK
1364642582,91.98001,1.64949754,1364642582371323,ASK
1364642600,91.97,1.64949754,1364642600477581,ASK
1364642605,91.97,0.53146811,1364642605174762,ASK
1364642634,91.63001,0.5,1364642634341051,BID
1364642642,91.97,5.18234575,1364642642227674,ASK
1364642668,91.96999,0.0229775,1364642668383720,ASK
1364642674,91.69991,0.5,1364642674535210,BID
1364642747,91.81,0.1,1364642747475193,BID
1364642751,91.7,0.0235,1364642751029120,BID
1364642751,91.7,0.0105,1364642751121705,BID
1364642751,91.27002,0.06192898,1364642751194919,BID
1364642751,91.27002,0.05949709,1364642751243206,BID
1364642751,91.25,0.16807393,1364642751307549,BID
1364642751,91.25,0.16,1364642751494674,BID
1364642752,91.25,0.03964,1364642752100230,BID
1364642788,91.25001,0.15811694,1364642788184636,BID
1364642850,91.80998,1.0055,1364642850204941,ASK
1364642851,91.25004,0.01,1364642851058323,BID
1364642945,91.25004,6.88969861,1364642945557839,BID
1364642945,91.25002,0.05922465,1364642945672089,BID
1364642945,91.25,14.67054805,1364642945738140,BID
1364642953,91.24999,0.05876837,1364642953644710,ASK
1364642955,91.24999,0.02429578,1364642955674679,ASK
1364642957,91.23005,0.05902957,1364642957789402,BID
1364642957,91.23005,0.05923322,1364642957858938,BID
1364642957,91.23003,0.10961302,1364642957917467,BID
1364642957,91.23002,0.01026873,1364642957970066,BID
1364642958,91.23002,0.0611815,1364642958010262,BID
1364642958,91.22,0.76667126,1364642958127524,BID
1364643025,91.22,3.23332874,1364643025568617,BID
1364643026,91.21227,0.05996175,1364643026592963,BID
1364643028,91.21227,0.06098019,1364643028793736,BID
1364643029,91.13,1.64572932,1364643029565038,BID
1364643045,91.24999,0.1,1364643045525500,ASK
1364643071,91.13,1.35427068,1364643071903459,BID
1364643072,91.12976,0.05694852,1364643072027419,BID
1364643072,91.12976,0.05681914,1364643072837590,BID
1364643072,91.12975,0.051,1364643072900936,BID
1364643073,91.09497,0.051,1364643073520162,BID
1364643073,91.09497,0.051,1364643073593054,BID
1364643073,91.09497,0.051,1364643073660361,BID
1364643075,91.09497,0.0115407,1364643075536602,BID
1364643076,91.07144,1.99514,1364643076012593,BID
1364643076,91.04,1.32128096,1364643076528413,BID
1364643107,91.04,1.67871904,1364643107819665,BID
1364643110,91.04,3.32128096,1364643110256021,BID
1364643132,91.04001,0.26683271,1364643132786011,BID
1364643133,91.04,0.39226729,1364643133602889,BID
1364643173,91.04,6.28645175,1364643173224604,BID
1364643173,91.03,10.8305,1364643173366681,BID
1364643173,91.01,3.5165,1364643173590737,BID
1364643174,91.00003,0.05700526,1364643174708950,BID
1364643175,91.00003,0.05653086,1364643175107662,BID
1364643175,91,10.26270383,1364643175564096,BID
1364643176,91,0.26868131,1364643176360287,BID
1364643176,91,10,1364643176441768,BID
1364643177,91,1.46391901,1364643177155997,BID
1364643177,91,3.5814,1364643177271781,BID
1364643178,91,5.035,1364643178080074,BID
1364643178,91,0.2187,1364643178390595,BID
1364643178,90.9,10,1364643178527140,BID
1364643179,90.81804,1,1364643179515656,BID
1364643179,90.81001,3,1364643179897264,BID
1364643180,90.81,1,1364643180433644,BID
1364643180,90.81,17.98,1364643180957274,BID
1364643181,90.8012,0.18361829,1364643181971997,BID
1364643182,90.8,5.36498969,1364643182659113,BID
1364643184,91.145,0.5,1364643184658000,ASK
1364643214,90.80001,3.50155331,1364643214783354,BID
1364643214,90.8,1.49844669,1364643214892289,BID
1364643359,91.14499,1.6457,1364643359314986,ASK
1364643366,91.14499,0.04852872,1364643366726711,ASK
1364643374,90.80002,0.31259495,1364643374569542,BID
1364643374,90.80002,0.19918092,1364643374660244,BID
1364643375,90.80002,0.02,1364643375845193,BID
1364643378,91.14499,4.30780028,1364643378344667,ASK
1364643426,91.14499,1.19292931,1364643426029684,ASK
1364643515,90.80102,0.565,1364643515356307,BID
1364643574,91.07144,1.99515,1364643574193691,BID
1364643601,91.07142,0.20271356,1364643601464708,ASK
1364643643,91,0.1,1364643643490316,BID
1364643773,90.82001,1.10430696,1364643773106430,BID
1364643773,90.82,0.88509304,1364643773184532,BID
1364643790,90.82002,0.53188382,1364643790011337,BID
1364643802,90.82001,0.49374589,1364643802353189,ASK
1364643803,90.82001,3.31078673,1364643803491530,ASK
1364643804,90.82001,2.66358356,1364643804845903,ASK
1364643831,91.14499,1.097,1364643831423272,ASK
1364643865,91.14499,0.02194426,1364643865841267,ASK
1364643881,91.14499,0.49705388,1364643881302190,ASK
1364643934,90.83,1.33641644,1364643934420106,BID
1364643934,90.83,8.66358356,1364643934484817,BID
1364644378,91,1.68998211,1364644378375362,BID
1364644425,91,3,1364644425855925,BID
1364644503,91,0.7,1364644503038390,BID
1364644516,91,1,1364644516350785,BID
1364644619,91.14499,0.53882445,1364644619309479,ASK
1364644619,91.145,0.1,1364644619568856,ASK
1364644619,91.25,0.37074418,1364644619749129,ASK
1364644656,91.145,0.28141737,1364644656710680,BID
1364644656,91.14499,0.06038263,1364644656779428,BID
1364644658,91.00001,0.01,1364644658276843,BID
1364644728,91.24999,0.01886365,1364644728145542,ASK
1364644728,91.00001,0.01,1364644728877269,BID
1364644740,91.00001,1.29870214,1364644740509513,BID
1364644740,91,8.61001789,1364644740572224,BID
1364644740,91,18.31973657,1364644740625613,BID
1364644774,91.24998,1.56125586,1364644774340657,ASK
1364644774,91.25,0.33874414,1364644774474291,ASK
1364644778,91.25,0.16550305,1364644778353108,ASK
1364644784,91.25,3.83493586,1364644784440302,ASK
1364644803,91.00002,0.03860747,1364644803274033,BID
1364644803,91.00002,0.10989008,1364644803471774,BID
1364644804,91,1.32225039,1364644804292945,BID
1364644825,91.24999,0.03860747,1364644825411281,ASK
1364644825,91.25,1.2051555,1364644825583564,ASK
1364644919,91.25,6.0209,1364644919061656,ASK
1364645057,91.25,0.66039463,1364645057473193,ASK
1364645200,91.00003,0.269,1364645200353655,BID
1364645201,91.00003,0.049,1364645201140970,BID
1364645202,91.00003,0.01,1364645202196500,BID
1364645204,91.00003,0.04757,1364645204046320,BID
1364645205,91.00003,0.0495,1364645205694333,BID
1364645353,91.00006,0.0797792,1364645353115206,BID
1364645478,91.24999,0.42507,1364645478078777,ASK
1364645478,91.25,1.75236898,1364645478190011,ASK
1364645516,91.00007,0.45,1364645516263327,BID
1364645690,91.24997,0.5297792,1364645690746162,ASK
1364645690,91.25,0.90178235,1364645690850691,ASK
1364645690,91.5,2.37462629,1364645690910768,ASK
1364645691,91.5,3.76850743,1364645691440729,ASK
1364645715,91.5,0.49515258,1364645715109430,ASK
1364645931,91.5,0.2577,1364645931147640,ASK
1364645985,91.5,3.01928568,1364645985612992,ASK
1364646020,91.5,0.02197802,1364646020091049,ASK
1364646020,91.5,0.28810416,1364646020358077,ASK
1364646036,91.67999,0.5,1364646036113665,ASK
1364646044,91.67999,0.09112288,1364646044353718,ASK
1364646045,91.68,2.39374214,1364646045376381,ASK
1364646053,91.50002,0.09343273,1364646053552454,BID
1364646106,91.50002,0.72300606,1364646106179209,BID
1364646122,91.01001,0.01,1364646122439697,BID
1364646182,91.25,0.4082194,1364646182191091,ASK
1364646187,91.25,0.6123291,1364646187561397,ASK
1364646188,91.01,0.01,1364646188661818,BID
1364646190,91.01001,0.91349365,1364646190452688,ASK
1364646221,91.01,4.38512142,1364646221968524,BID
1364646223,91.01,1.37024047,1364646223732497,ASK
1364646232,91.00021,0.0270052,1364646232578324,BID
1364646233,91.00021,0.05641127,1364646233354231,BID
1364646234,91.00021,0.04,1364646234114078,BID
1364646234,91.00021,0.03,1364646234900410,BID
1364646235,91.00021,0.075,1364646235639686,BID
1364646263,91.00021,0.49531219,1364646263927119,BID
1364646314,91.00021,2,1364646314545159,ASK
1364646336,91.00021,30.16823508,1364646336951111,ASK
1364646448,91.0002,1,1364646448589650,BID
1364646448,91,10,1364646448676064,BID
1364646448,91,0.01886274,1364646448752388,BID
1364646560,90.90001,2.41722504,1364646560254509,BID
1364646560,90.9,0.976,1364646560413096,BID
1364646560,90.805,1.60677496,1364646560494768,BID
1364646567,91,4.2198,1364646567717060,ASK
1364646588,91,9.76133726,1364646588029232,ASK
1364646588,91,0.71586274,1364646588099020,ASK
1364646588,90.80501,2.36908901,1364646588304114,BID
1364646588,90.805,8.39322504,1364646588415444,BID
1364646588,90.8,3.13656362,1364646588482311,BID
1364646588,90.8,0.5,1364646588553429,BID
1364646588,90.8,10.60112233,1364646588623683,BID
1364646650,90.8,1,1364646650502806,BID
1364646683,91,0.10439824,1364646683132238,ASK
1364646692,91,0.03,1364646692813206,ASK
1364646735,91,0.5,1364646735060314,ASK
1364646737,91,0.15,1364646737385685,ASK
1364646774,90.8,0.59,1364646774318932,BID
1364646775,90.8,0.012,1364646775848671,BID
1364646780,90.8,0.20293051,1364646780203004,BID
1364646781,90.8,0.04,1364646781583688,BID
1364646782,91,3.29,1364646782569245,ASK
1364646789,91,0.06834005,1364646789882417,ASK
1364646880,91.0001,0.50166575,1364646880337481,BID
1364646905,91.00009,1.99498,1364646905427429,ASK
1364646915,90.8,0.5075,1364646915838421,BID
1364646945,91.00009,0.05900607,1364646945262590,ASK
1364646977,90.8,3.0403854,1364646977500020,BID
1364647031,91.00009,2,1364647031158006,ASK
1364647032,90.80001,2,1364647032625051,BID
1364647032,90.8,0.7533,1364647032692833,BID
1364647035,90.8,3.25276176,1364647035134849,BID
1364647052,90.70001,3.28268709,1364647052364671,BID
1364647052,90.7,10,1364647052450355,BID
1364647052,90.7,2.5,1364647052531844,BID
1364647087,90.69,1,1364647087547069,BID
1364647087,90.68431,1.10272659,1364647087732773,BID
1364647088,90.67,0.69050645,1364647088889944,ASK
1364647099,90.67,0.05747608,1364647099704566,ASK
1364647114,90.62588,1.70501545,1364647114521207,BID
1364647114,90.62587,2.16898,1364647114862227,BID
1364647115,90.61,5,1364647115080067,BID
1364647115,90.60002,11.15968848,1364647115153464,BID
1364647115,90.60001,0.09112288,1364647115292403,BID
1364647115,90.6,4.87519319,1364647115406448,BID
1364647138,90.60001,0.9615719,1364647138891281,BID
1364647138,90.6,20.12480681,1364647138984774,BID
1364647139,90.6,9.91489935,1364647139080554,BID
1364647161,90.6,0.08510065,1364647161095926,BID
1364647161,90.6,2.42612533,1364647161171886,BID
1364647175,90.62587,2.00495,1364647175094612,BID
1364647175,90.6,3.99505,1364647175173770,BID
1364647175,90.6,3.32882467,1364647175464623,BID
1364647175,90.5215,0.0155029,1364647175542201,BID
1364647175,90.5215,0.0844971,1364647175600225,BID
1364647175,90.5003,5.09269936,1364647175677891,BID
1364647175,90.50002,0.453,1364647175725028,BID
1364647175,90.5,1.43373669,1364647175766032,BID
1364647197,90.50011,4.35197817,1364647197476063,BID
1364647197,90.5001,2,1364647197569854,BID
1364647197,90.5,18.64802183,1364647197677225,BID
1364647267,90.5,0.131,1364647267932998,BID
1364647268,90.5,1.456,1364647268984931,BID
1364647273,90.62587,0.0145,1364647273410594,BID
1364647277,90.62587,0.0695,1364647277038764,BID
1364647293,91.00007,1.6,1364647293622435,ASK
1364647311,91.00007,1.99498,1364647311741502,ASK
1364647376,91.00007,2.09083767,1364647376247838,ASK
1364647468,91.00007,0.49723757,1364647468519953,ASK
1364647526,91.00007,0.02209945,1364647526513080,ASK
1364647562,91.00007,0.49781849,1364647562500383,ASK
1364647668,90.62587,0.01,1364647668875350,BID
1364647743,91.00007,0.8,1364647743161988,ASK
1364647906,90.62587,0.1,1364647906912745,BID
1364648237,90.99999,0.99501037,1364648237433943,ASK
1364648238,90.62587,1.81095,1364648238862947,BID
1364648267,90.62586,0.2923618,1364648267772499,ASK
1364648279,90.50001,2.20108757,1364648279914539,BID
1364648279,90.5,1.59623146,1364648279999997,BID
1364648280,90.5,1.1392607,1364648280633983,BID
1364648280,90.5,0.83869348,1364648280732480,BID
1364648280,90.5,0.2199,1364648280837387,BID
1364648280,90.5,1.59946485,1364648280889300,BID
1364648332,90.5,1.21,1364648332735142,BID
1364648348,90.62586,0.3970558,1364648348473043,ASK
1364648381,90.99999,2.53934942,1364648381714279,ASK
1364648403,90.99999,0.11,1364648403218511,ASK
1364648477,90.99998,11.66627778,1364648477957271,ASK
1364648478,91,1,1364648478179565,ASK
1364648478,91.00009,2.64934942,1364648478340115,ASK
1364648487,91.00009,11.66627778,1364648487181503,ASK
1364648499,91.00009,11.66627778,1364648499575000,ASK
1364648511,91.00009,2.01809502,1364648511886889,ASK
1364648512,91.2317,1.09611023,1364648512037709,ASK
1364648512,91.28,1.23761199,1364648512187312,ASK
1364648568,90.80001,0.71412997,1364648568145746,BID
1364648574,91.28,1.19193952,1364648574027675,ASK
1364648660,91.28,2.0729383,1364648660234629,ASK
1364648670,90.80001,0.31831078,1364648670812612,BID
1364648670,90.8,0.65268922,1364648670930960,BID
1364648687,90.80001,0.115,1364648687801230,BID
1364648688,90.80001,0.4171,1364648688931098,BID
1364648689,90.80001,0.0323,1364648689793513,BID
1364648865,91.27999,1.03244075,1364648865667748,ASK
1364648865,91.28,2.12755925,1364648865770014,ASK
1364649002,91.27999,0.5644,1364649002510703,ASK
1364649002,91.28,0.4456,1364649002658593,ASK
1364649013,91.28,0.00224298,1364649013960884,ASK
1364649051,90.80001,5.35868825,1364649051579828,BID
1364649052,90.8,8.94821078,1364649052544541,BID
1364649052,90.7,0.11025358,1364649052657434,BID
1364649052,90.68431,1.10272659,1364649052857055,BID
1364649053,90.65,0.2912,1364649053188465,BID
1364649053,90.62587,0.4832442,1364649053478529,BID
1364649053,90.6,3.7056766,1364649053841199,BID
1364649070,90.6,16.2943234,1364649070296194,BID
1364649070,90.53,10,1364649070405523,BID
1364649070,90.52,23.7056766,1364649070903661,BID
1364649078,90.52,4.2943234,1364649078213845,BID
1364649080,90.5,0.93912022,1364649080443133,BID
1364649080,90.5,44.76655638,1364649080961238,BID
1364649102,90.52001,9.58285057,1364649102970247,BID
1364649103,90.5,5.23344362,1364649103460888,BID
1364649105,90.5,10,1364649105489304,BID
1364649105,90.5,0.5,1364649105559476,BID
1364649105,90.49,1,1364649105663509,BID
1364649105,90.49,1,1364649105899336,BID
1364649106,90.4511,0.18265367,1364649106047822,BID
1364649107,90.40002,0.05587901,1364649107618981,BID
1364649108,90.4,5,1364649108678142,BID
1364649110,90.38752,1.01,1364649110215048,BID
1364649112,90.33756,2.163615,1364649112167170,BID
1364649112,90.31328,0.05924108,1364649112507385,BID
1364649112,90.31327,0.05684643,1364649112949551,BID
1364649113,90.31327,0.06028359,1364649113027103,BID
1364649115,90.31324,5.01692837,1364649115096923,BID
1364649115,90.3,0.1,1364649115223748,BID
1364649119,90.3,2.93204651,1364649119754842,BID
1364649119,90.26,10,1364649119904759,BID
1364649120,90.25,1,1364649120358626,BID
1364649120,90.245,0.1,1364649120515840,BID
1364649121,90.24001,0.14676016,1364649121001709,BID
1364649121,90.24001,2.40440799,1364649121089174,BID
1364649121,90.24001,0.34453546,1364649121219608,BID
1364649121,90.24001,1.48126025,1364649121309037,BID
1364649121,90.24001,1.11094519,1364649121745268,BID
1364649122,90.24001,0.83320889,1364649122222098,BID
1364649122,90.24001,0.62490667,1364649122303566,BID
1364649123,90.24,38.00018754,1364649123229448,BID
1364649141,91.2317,0.1685,1364649141235181,ASK
1364649153,90.60001,0.05876322,1364649153576577,BID
1364649156,90.24,14.77563678,1364649156719778,BID
1364649359,91.23,1.98937,1364649359336078,ASK
1364649362,90.88138,0.0192126,1364649362126412,BID
1364649368,90.88138,0.03675,1364649368745215,BID
1364649479,90.88138,2.1048674,1364649479032454,BID
1364649499,90.60002,0.0592375,1364649499345512,BID
1364649499,90.60001,0.0559123,1364649499392994,BID
1364649499,90.42923,1.9897176,1364649499656256,BID
1364649594,90.60002,0.0536663,1364649594634576,BID
1364649594,90.5,0.5501,1364649594703400,BID
1364649594,90.42923,0.3434324,1364649594880618,BID
1364649595,90.35,0.7889253,1364649595001362,BID
1364649610,90.88137,14.94153882,1364649610959284,ASK
1364649617,90.88138,0.3951326,1364649617604941,ASK
1364649622,91.22,0.00332858,1364649622005334,ASK
1364649662,91.22,0.0219106,1364649662118004,ASK
1364649707,90.60003,0.01,1364649707053919,BID
1364649708,90.60003,0.06893928,1364649708056690,BID
1364649782,90.60005,9.85310574,1364649782296589,BID
1364649782,90.60005,32.0088,1364649782386841,BID
1364649782,90.60005,0.96139229,1364649782448065,BID
1364649782,90.60004,0.05749769,1364649782522371,BID
1364649782,90.60002,0.05365882,1364649782566393,BID
1364649782,90.35001,0.461,1364649782616537,BID
1364649782,90.35,4.74510901,1364649782746669,BID
1364649782,90.34,0.00002955,1364649782783421,BID
1364649782,90.3,10,1364649782844351,BID
1364649782,90.25,9.7594069,1364649782901986,BID
1364649809,91.21999,2.4791931,1364649809593184,ASK
1364649811,90.30001,0.01,1364649811115890,BID
1364649918,91.21999,0.4,1364649918728995,ASK
1364649920,91.21999,0.01179094,1364649920379066,ASK
1364649996,90.60005,2.47910205,1364649996613009,BID
1364649996,90.60004,0.05338395,1364649996703640,BID
1364649998,90.30001,0.01,1364649998222847,BID
1364650019,90.30001,3.79731904,1364650019870306,BID
1364650020,90.30001,3.79731904,1364650020640314,BID
1364650037,91.21998,10,1364650037945182,ASK
1364650091,91.21997,2.105,1364650091491143,ASK
1364650140,90.60007,2.81732888,1364650140790081,BID
1364650140,90.60006,0.05802414,1364650140946002,BID
1364650141,90.41999,1,1364650141009009,BID
1364650141,90.3,9.50866197,1364650141093642,BID
1364650157,90.30001,1.3,1364650157123004,BID
1364650178,91.21998,7.82712999,1364650178209814,ASK
1364650178,91.21998,0.04990946,1364650178414513,ASK
1364650178,91.21999,0.05176177,1364650178645158,ASK
1364650180,91.21999,1.3,1364650180055212,BID
1364650191,91.21999,1.52119878,1364650191558823,BID
1364650222,91.21998,2.21980122,1364650222226032,ASK
1364650229,91.22,2.64063539,1364650229966530,ASK
1364650255,91.22,2.65114291,1364650255093889,ASK
1364650290,90.60007,9.93401721,1364650290987987,BID
1364650291,90.60006,0.05363313,1364650291657345,BID
1364650292,90.60006,1.76186274,1364650292581939,ASK
1364650293,90.60006,0.2,1364650293021124,ASK
1364650363,90.50001,0.1,1364650363454724,BID
1364650406,90.7,3.0628083,1364650406890281,BID
1364650519,91.21988,0.17345823,1364650519198330,ASK
1364650523,91.21988,6.79775068,1364650523804787,ASK
1364650523,91.2199,3.62394932,1364650523900163,ASK
1364650544,91.20001,0.01010252,1364650544278845,BID
1364650544,91.2,0.08939748,1364650544338015,BID
1364650544,91.2,0.33,1364650544416558,BID
1364650544,91.2,0.0745,1364650544919922,BID
1364650555,91.21989,0.01010252,1364650555440936,ASK
1364650555,91.2199,5.46689748,1364650555558653,ASK
1364650674,91.20001,0.01010252,1364650674561680,BID
1364650674,90.7,0.16234923,1364650674650778,BID
1364650694,90.70001,0.12451274,1364650694527771,BID
1364650718,90.70001,0.05071881,1364650718524013,BID
1364650776,91.09999,0.18533407,1364650776122891,ASK
1364650776,91.1,0.81466593,1364650776197883,ASK
1364650782,90.70001,0.01965817,1364650782922857,BID
1364650783,90.70001,0.01,1364650783659598,BID
1364650801,91.1,0.18533407,1364650801615621,ASK
1364650801,91.2199,0.9091532,1364650801766959,ASK
1364650801,91.2199,10,1364650801807581,ASK
1364650802,91.21998,0.04943821,1364650802049140,ASK
1364650802,91.21999,0.04587848,1364650802098742,ASK
1364650802,91.22,4.68298252,1364650802176111,ASK
1364650802,91.22,4.12721352,1364650802237834,ASK
1364650804,90.70001,0.01,1364650804279582,BID
1364650832,90.70001,0.01224151,1364650832201091,BID
1364650869,90.70001,3.89484034,1364650869638020,BID
1364650870,90.7,12.16082359,1364650870326277,BID
1364650871,90.69887,0.9710025,1364650871595220,BID
1364650871,90.53182,1.6183375,1364650871676800,BID
1364650871,90.5,5,1364650871854259,BID
1364650872,90.49,0.5,1364650872623855,BID
1364650872,90.36478,1.29467,1364650872716875,BID
1364650874,90.3001,9.76755142,1364650874044457,BID
1364650874,90.3,0.49133803,1364650874291539,BID
1364650874,90.3,5,1364650874592181,BID
1364650875,90.3,5.9825,1364650875010097,BID
1364650875,90.25,3.31893662,1364650875615485,BID
1364650885,90.25001,6.145,1364650885978674,BID
1364650939,90.25001,0.07,1364650939103737,BID
1364650942,90.25001,13.86917847,1364650942579422,BID
1364650942,90.25,32.58688653,1364650942667255,BID
1364650942,90.25,14.543935,1364650942748279,BID
1364651012,90.26,3.2,1364651012694579,BID
1364651081,90.4984,2.00778,1364651081477623,BID
1364651097,90.4984,1,1364651097232347,ASK
1364651109,90.49839,0.49861496,1364651109402036,ASK
1364651133,90.49839,4.15706352,1364651133151462,ASK
1364651135,90.49839,13,1364651135104585,ASK
1364651155,90.49839,1,1364651155086829,ASK
1364651172,90.49839,0.02216066,1364651172364329,ASK
1364651186,90.49839,2.32529935,1364651186181231,ASK
1364651209,90.5,0.16850061,1364651209028479,ASK
1364651215,90.5,0.83149939,1364651215049548,ASK
1364651215,90.5,17.16850061,1364651215780982,ASK
1364651231,90.5,0.06930041,1364651231364882,ASK
1364651250,90.5,0.03336687,1364651250122780,ASK
1364651263,90.5,5.16,1364651263110671,ASK
1364651263,90.5,2,1364651263445228,ASK
1364651266,90.4984,1.42840065,1364651266675351,BID
1364651266,90.26,6.8,1364651266873778,BID
1364651267,90.25111,28.77159935,1364651267006762,BID
1364651267,90.25111,4.22840065,1364651267903254,BID
1364651267,90.25001,0.05880117,1364651267992896,BID
1364651268,90.25001,0.05680538,1364651268040961,BID
1364651268,90.25,0.6459928,1364651268095180,BID
1364651284,90.5,29.32883211,1364651284516972,ASK
1364651329,91.08871,0.01418372,1364651329211970,ASK
1364651329,91.08871,0.01418372,1364651329737929,ASK
1364651354,91.08871,1.40820459,1364651354428601,ASK
1364651354,91.2,12,1364651354508108,ASK
1364651354,91.219,15.2629633,1364651354567692,ASK
1364651406,90.50003,0.71,1364651406610444,BID
1364651443,91.20998,0.00041322,1364651443165720,ASK
1364651591,91,0.42006288,1364651591259694,BID
1364651591,90.99999,0.0543,1364651591345477,BID
1364651592,90.50003,0.01,1364651592556660,BID
1364651654,90.50003,3.79731903,1364651654581383,BID
1364651655,90.50003,1.55463478,1364651655122490,BID
1364651655,90.50002,0.05316062,1364651655232572,BID
1364651655,90.50002,0.05413144,1364651655298119,BID
1364651655,90.5,0.03909966,1364651655377876,BID
1364651655,90.5,2.09629253,1364651655454399,BID
1364651700,90.99997,0.01,1364651700257273,ASK
1364651712,90.99995,0.01,1364651712540234,BID
1364651720,90.99994,0.01,1364651720931449,ASK
1364651728,90.50001,0.02948725,1364651728825005,BID
1364651728,90.5,2.00051275,1364651728907554,BID
1364651732,90.99993,0.01,1364651732584982,ASK
1364651736,90.99993,0.2198,1364651736976939,ASK
1364651746,90.998,0.01,1364651746033254,BID
1364651746,90.5,0.48,1364651746091255,BID
1364651762,90.93,0.01,1364651762557128,BID
1364651920,90.92998,1,1364651920067828,ASK
1364651938,90.91,0.01,1364651938938764,BID
1364651939,90.90999,1,1364651939140368,ASK
1364651939,90.5,20.4,1364651939963349,BID
1364651996,90.5,0.21,1364651996211966,BID
1364651998,90.5,0.245,1364651998228126,BID
1364651999,90.5,0.05125304,1364651999996475,BID
1364652001,90.5,0.01,1364652001405977,BID
1364652002,90.5,0.015,1364652002745618,BID
1364652019,90.79999,0.01081234,1364652019326501,ASK
1364652062,90.78,0.01,1364652062915841,BID
1364652062,90.5,0.99,1364652062983519,BID
1364652096,90.79996,2.93178543,1364652096755996,ASK
1364652101,90.79996,1,1364652101153545,ASK
1364652101,90.5,0.994,1364652101965194,BID
1364652119,90.5,0.6061261,1364652119617083,BID
1364652150,90.79995,0.5617,1364652150483010,ASK
1364652194,90.78,0.01,1364652194867908,BID
1364652194,90.5,1.90181558,1364652194933186,BID
1364652194,90.5,0.11049723,1364652194990819,BID
1364652195,90.262,10,1364652195069132,BID
1364652195,90.26,7.97768719,1364652195177549,BID
1364652244,90.50001,0.01,1364652244452801,BID
1364652247,90.50001,1.59443058,1364652247052401,BID
1364652247,90.5,5.63213862,1364652247199207,BID
1364652395,90.79994,0.5,1364652395274500,ASK
1364652412,90.79994,1.59119928,1364652412584257,ASK
1364652414,90.79994,0.25063747,1364652414661880,ASK
1364652424,90.79995,0.00195019,1364652424645669,BID
1364652424,90.79995,0.01851242,1364652424875559,BID
1364652506,90.79997,0.1,1364652506284083,ASK
1364652524,90.79999,1.03223839,1364652524139058,BID
1364652524,90.78,0.01,1364652524208073,BID
1364652524,90.78,0.01,1364652524247452,BID
1364652524,90.5,19.79736138,1364652524304721,BID
1364652524,90.49877,2.00777,1364652524520678,BID
1364652524,90.26,2.11954298,1364652524865810,BID
1364652524,90.25,4.8100722,1364652524939289,BID
1364652525,90.25,50,1364652525202532,BID
1364652525,90.24,47.22417568,1364652525282255,BID
1364652525,90.2,28.91189257,1364652525497647,BID
1364652525,90.2,10,1364652525603977,BID
1364652525,90.2,2.00605055,1364652525666315,BID
1364652525,90.2,1,1364652525744360,BID
1364652525,90.139,0.2551,1364652525797016,BID
1364652525,90.138,13.12325401,1364652525846871,BID
1364652525,90.12294,0.611751,1364652525953066,BID
1364652526,90.101,0.18116219,1364652526041702,BID
1364652526,90.1,3.45373973,1364652526130228,BID
1364652526,90.1,1,1364652526198098,BID
1364652526,90.1,0.07,1364652526248094,BID
1364652526,90.1,0.61,1364652526299500,BID
1364652526,90.1,6.76588932,1364652526358287,BID
1364652544,90.99999,0.01,1364652544013673,ASK
1364652545,90.10001,0.01,1364652545222313,BID
1364652548,90.99,0.17,1364652548748664,BID
1364652550,90.10001,0.01,1364652550939833,BID
1364652558,90.98999,0.17,1364652558221335,ASK
1364652559,90.10001,0.01,1364652559199310,BID
1364652565,90.98999,0.68223839,1364652565079684,ASK
1364652572,90.99999,0.2535694,1364652572283512,BID
1364652572,90.99999,7.06419221,1364652572433526,BID
1364652572,90.99999,0.93580779,1364652572483155,BID
1364652573,90.99999,1.5,1364652573765475,BID
1364652579,90.99999,0.994,1364652579239705,BID
1364652608,90.11121,3.74,1364652608770664,BID
1364652648,90.98999,1,1364652648436424,ASK
1364652692,90.99,1,1364652692650114,ASK
1364652692,90.99,1.264,1364652692757958,ASK
1364652708,90.21,0.17,1364652708922768,BID
1364652708,90.20003,13.57842721,1364652708967512,BID
1364652709,90.20002,0.05334917,1364652709629686,BID
1364652729,90.20001,0.17,1364652729465681,ASK
1364652734,90.20001,0.03138381,1364652734377791,ASK
1364652744,90.20001,2,1364652744723435,ASK
1364652754,90.20001,2,1364652754098679,ASK
1364652762,90.2,1,1364652762559646,BID
1364652807,90.19,0.17,1364652807911907,BID
1364652807,90.10001,9.52013876,1364652807970068,BID
1364652829,90.2,0.25,1364652829520703,ASK
1364652870,90.2,15.06842721,1364652870504071,ASK
1364652870,90.20001,84.93157279,1364652870622947,ASK
1364652889,90.20001,15.06842721,1364652889065689,ASK
1364652890,90.20001,0.05650849,1364652890111594,ASK
1364652913,90.20001,3,1364652913820458,ASK
1364652917,90.20001,28,1364652917928494,ASK
1364652957,90.19,0.17,1364652957098605,BID
1364652957,90.189,0.17,1364652957144528,BID
1364652957,90.15,4.6034,1364652957191670,BID
1364652957,90.11121,19.3531598,1364652957245006,BID
1364652960,90.20001,15.06842721,1364652960291489,ASK
1364652962,90.11122,0.015,1364652962485438,BID
1364652964,90.11122,0.19340893,1364652964009160,BID
1364652964,90.11121,0.34659107,1364652964080827,BID
1364653017,90.19999,0.20840893,1364653017405068,ASK
1364653017,90.20001,13.68022268,1364653017500166,ASK
1364653070,90.20002,0.159,1364653070964223,BID
1364653073,90.20002,0.034,1364653073001333,BID
1364653079,90.88,0.015,1364653079478579,BID
1364653094,90.90658,0.178,1364653094419862,ASK
1364653094,90.90659,1.31245429,1364653094538601,ASK
1364653094,90.98999,0.04677131,1364653094635762,ASK
1364653094,90.98999,0.04862957,1364653094682093,ASK
1364653094,91,8,1364653094737842,ASK
1364653094,91,2,1364653094790566,ASK
1364653094,91.032,0.44,1364653094836860,ASK
1364653094,91.0887,0.04759229,1364653094916026,ASK
1364653094,91.0887,0.04739664,1364653094962649,ASK
1364653095,91.1009,0.17970396,1364653095043948,ASK
1364653095,91.101,12.69945194,1364653095115759,ASK
1364653113,91.101,0.94849672,1364653113359363,ASK
1364653132,91.00001,0.26175346,1364653132696618,BID
1364653132,91,0.015,1364653132773486,BID
1364653140,91,0.23807285,1364653140227944,ASK
1364653145,91,0.47917369,1364653145920846,ASK
1364653170,91,1.42481076,1364653170604701,BID
1364653171,91,1.42481076,1364653171181553,BID
1364653215,91.10099,0.26175346,1364653215731930,ASK
1364653216,91.101,0.16824654,1364653216554776,ASK
1364653231,91.09,0.015,1364653231668546,BID
1364653231,91,0.42865122,1364653231989298,BID
1364653232,91,0.17634878,1364653232047379,BID
1364653233,91,0.09,1364653233231765,BID
1364653243,91.09,0.015,1364653243978366,BID
1364653244,91,3.49109765,1364653244362562,BID
1364653274,91,0.26204408,1364653274245707,ASK
1364653319,91,0.02197802,1364653319351912,ASK
1364653344,91,2.49882311,1364653344283856,ASK
1364653419,91,2.1978,1364653419909549,ASK
1364653427,90.99,0.015,1364653427675877,BID
1364653427,90.88,0.005,1364653427732686,BID
1364653428,90.88001,0.035,1364653428632967,BID
1364653432,90.88001,0.01099756,1364653432340979,BID
1364653496,91,0.033,1364653496053973,ASK
1364653512,90.99,0.015,1364653512177452,BID
1364653557,90.98998,0.29304164,1364653557592939,ASK
1364653557,91,0.70270476,1364653557690454,ASK
1364653559,91,6.4,1364653559031313,ASK
1364653606,91,5,1364653606796013,ASK
1364653631,91,0.15,1364653631612733,ASK
1364653650,91,10.227,1364653650046807,ASK
1364653660,91,0.15759999,1364653660225525,ASK
1364653665,90.989,0.015,1364653665211507,BID
1364653763,90.97001,0.02313452,1364653763075091,BID
1364653763,90.97,0.015,1364653763164178,BID
1364653763,90.97,0.015,1364653763213490,BID
1364653763,90.969,0.015,1364653763271964,BID
1364653763,90.88,0.01,1364653763320788,BID
1364653763,90.84689,0.3189,1364653763377398,BID
1364653763,90.6109,0.07796548,1364653763491689,BID
1364653784,90.989,0.015,1364653784951249,BID
1364653788,90.69001,0.00813452,1364653788376728,BID
1364653788,90.69,0.00186548,1364653788453376,BID
1364653788,91,1,1364653788980262,ASK
1364653794,90.69001,0.00626904,1364653794699281,BID
1364653794,90.69001,0.00373096,1364653794896902,BID
1364653870,91,2.63736263,1364653870689187,ASK
1364653885,90.99994,1,1364653885100701,BID
1364653886,90.6109,0.63544502,1364653886736989,BID
1364653886,90.5,9.45,1364653886869389,BID
1364653886,90.48454,1.1890175,1364653886946248,BID
1364653887,90.35817,0.951214,1364653887392631,BID
1364653887,90.23181,0.951214,1364653887438423,BID
1364653887,90.201,5.82310948,1364653887852965,BID
1364653922,90.20101,16.68484287,1364653922570925,BID
1364653922,90.201,42.98915713,1364653922650539,BID
1364653933,90.99999,4,1364653933056503,ASK
1364653958,90.99999,0.2187,1364653958285194,ASK
1364653958,90.99999,1.30973673,1364653958906147,ASK
1364654003,90.99997,4.94554043,1364654003705386,ASK
1364654027,90.9,0.2189,1364654027356706,BID
1364654091,90.8,0.2192,1364654091697276,BID
1364654108,90.7,0.2194,1364654108275682,BID
1364654108,90.65,0.7806,1364654108335243,BID
1364654133,90.79998,0.3291,1364654133234094,ASK
1364654262,90.79998,5.88803475,1364654262203400,ASK
1364654264,90.79999,0.012345,1364654264619315,ASK
1364654273,90.79999,10.59625667,1364654273778071,ASK
1364654277,90.79999,0.9969,1364654277800072,ASK
1364654408,90.79999,3,1364654408671873,ASK
1364654440,90.79999,0.01,1364654440360949,ASK
1364654452,90.79999,3.59329833,1364654452349837,ASK
1364654452,90.79999,0.05539,1364654452431860,ASK
1364654460,90.80001,0.25829254,1364654460192612,BID
1364654460,90.8,0.22120746,1364654460344528,BID
1364654474,90.8,0.189,1364654474384092,BID
1364654490,90.89999,14.73420954,1364654490938697,ASK
1364654540,90.89999,0.1,1364654540163369,ASK
1364654592,90.89998,0.25829254,1364654592904693,ASK
1364654593,90.89999,0.74170746,1364654593011454,ASK
1364654642,90.89999,5.3,1364654642337557,ASK
1364654701,90.79999,0.25839609,1364654701058356,BID
1364654701,90.79998,2.74160391,1364654701147512,BID
1364654705,90.79998,0.013,1364654705394529,BID
1364654706,90.79998,0.09632,1364654706099513,BID
1364654706,90.79998,0.017,1364654706854641,BID
1364654716,90.89998,0.25839609,1364654716325299,ASK
1364654716,90.89999,3.74160391,1364654716434693,ASK
1364654720,90.89999,1,1364654720615296,ASK
1364654730,90.89999,5,1364654730965838,ASK
1364654749,90.89999,0.73,1364654749226586,ASK
1364654764,90.80011,0.2577758,1364654764513213,BID
1364654764,90.8001,1.7322242,1364654764724055,BID
1364654767,90.89998,0.2577758,1364654767421302,ASK
1364654767,90.89999,0.23781891,1364654767585947,ASK
1364654818,90.79998,6.421,1364654818685277,BID
1364654821,90.79998,0.01878828,1364654821093727,BID
1364654829,90.89999,0.02202643,1364654829994570,ASK
1364654849,90.79998,0.04011074,1364654849200908,BID
1364654922,90.89999,4.98420913,1364654922557950,ASK
1364654924,90.89999,4.98420913,1364654924127411,ASK
1364655052,90.899,0.03942083,1364655052437060,ASK
1364655053,90.89999,1.26883981,1364655053173900,ASK
1364655073,90.80011,0.25269438,1364655073461076,BID
1364655075,90.8001,2.2486,1364655075332193,BID
1364655075,90.79998,25.76414232,1364655075405857,BID
1364655075,90.37218,0.1466055,1364655075754479,BID
1364655075,90.22958,0.2443425,1364655075823536,BID
1364655075,90.201,17.70583339,1364655075901098,BID
1364655076,90.20001,32.51256812,1364655076006318,BID
1364655076,90.20001,4.05732294,1364655076683174,BID
1364655076,90.2,20,1364655076804811,BID
1364655076,90.2,0.015,1364655076921696,BID
1364655077,90.189,0.17,1364655077595128,BID
1364655078,90.1738,7.1385,1364655078249075,BID
1364655078,90.1738,0.6508,1364655078570094,BID
1364655079,90.15,5.5571,1364655079328845,BID
1364655080,90.12213,0.04340227,1364655080190028,BID
1364655081,90.12,6,1364655081470423,BID
1364655081,90.11987,25.88818344,1364655081607660,BID
1364655082,90.1,4.33581068,1364655082735944,BID
1364655086,90.1,1.10287469,1364655086181835,BID
1364655086,90.1,0.00004661,1364655086726317,BID
1364655086,90.1,1,1364655086848957,BID
1364655087,90.09,1,1364655087243909,BID
1364655087,90.08697,0.195474,1364655087322756,BID
1364655087,90.06,12,1364655087726271,BID
1364655089,90.05264,2.01772,1364655089065657,BID
1364655093,90.05,5,1364655093094368,BID
1364655094,90.05,1,1364655094287710,BID
1364655094,90.033,0.5,1364655094523440,BID
1364655095,90.02741,1.01,1364655095071827,BID
1364655095,90.02001,0.04340227,1364655095368814,BID
1364655097,90.02,1.69717451,1364655097931179,BID
1364655100,90.02,11.10864252,1364655100372177,BID
1364655100,90.01,9.59375986,1364655100806124,BID
1364655104,90.89999,10,1364655104433790,ASK
1364655123,90.80011,0.8502,1364655123249206,ASK
1364655123,90.89999,4.38284261,1364655123891759,ASK
1364655140,90.89999,0.15217603,1364655140492736,ASK
1364655196,90.84718,0.20536955,1364655196611825,BID
1364655236,90.84718,0.77779146,1364655236344993,BID
1364655247,90.2,6.2,1364655247375168,BID
1364655253,90.83999,0.04732483,1364655253299459,ASK
1364655255,90.84,0.04852074,1364655255611592,ASK
1364655255,90.89,0.14572769,1364655255712796,ASK
1364655271,90.89,3.6258,1364655271617648,ASK
1364655279,90.89,6.22847231,1364655279284225,ASK
1364655279,90.89998,0.04340227,1364655279464759,ASK
1364655279,90.89999,82.30812542,1364655279555857,ASK
1364655305,90.89998,0.06546021,1364655305851269,ASK
1364655305,90.89999,0.83169743,1364655305944207,ASK
1364655319,90.20001,2.0106,1364655319112212,BID
1364655319,90.20001,0.5,1364655319838204,BID
1364655319,90.20001,0.16,1364655319952210,BID
1364655320,90.20001,0.01,1364655320419172,BID
1364655320,90.20001,0.059223,1364655320532733,BID
1364655335,90.89999,17.48697866,1364655335060851,ASK
1364655335,90.9,0.05338807,1364655335144779,ASK
1364655335,90.99999,0.04340227,1364655335277614,ASK
1364655335,90.99999,0.04340227,1364655335331678,ASK
1364655335,90.99999,0.04340227,1364655335406272,ASK
1364655335,90.99999,0.06546021,1364655335462600,ASK
1364655335,91,70.49485625,1364655335747040,ASK
1364655357,90.9,2.48232985,1364655357014633,BID
1364655382,90.99999,0.25749315,1364655382633436,ASK
1364655383,91,0.90751196,1364655383110934,ASK
1364655429,90.90001,0.25750063,1364655429603890,BID
1364655430,90.9,0.00249937,1364655430547099,BID
1364655440,90.99999,0.25750063,1364655440296256,ASK
1364655440,91,4.34757687,1364655440387545,ASK
1364655479,91,48.92454742,1364655479631476,ASK
1364655479,91,0.546,1364655479733435,ASK
1364655479,91,1,1364655479780179,ASK
1364655479,91,1,1364655479825988,ASK
1364655479,91.02,0.1,1364655479875156,ASK
1364655479,91.101,0.7458048,1364655479923172,ASK
1364655479,91.2,0.21927472,1364655479981695,ASK
1364655480,91.2,2.46437306,1364655480045695,ASK
1364655484,91.2,2.53562694,1364655484374629,ASK
1364655561,91.20001,0.46437306,1364655561560913,BID
1364655561,91.01,0.53562694,1364655561613700,BID
1364655563,91.20998,0.0525739,1364655563163150,ASK
1364655563,91.20998,0.04888174,1364655563220442,ASK
1364655575,91.21,10,1364655575245422,ASK
1364655575,91.219,15,1364655575936127,ASK
1364655603,91.219,9.95,1364655603998139,ASK
1364655617,91.20999,0.979,1364655617718967,BID
1364655636,91.219,0.125,1364655636477995,ASK
1364655650,91.20999,1.16769665,1364655650032882,BID
1364655650,91.20999,0.10963711,1364655650574980,BID
1364655739,91.2,19.72266624,1364655739140070,ASK
1364655739,91.2,2.20264,1364655739710940,ASK
1364655739,91.219,3.37469376,1364655739868351,ASK
1364655742,91.219,0.55289964,1364655742736973,ASK
1364655809,91.219,2.2,1364655809540717,ASK
1364655810,91.219,2.01461219,1364655810938756,ASK
1364655858,91.2,0.03969517,1364655858157965,ASK
1364655874,91.2,0.96030483,1364655874990553,ASK
1364655875,91.219,12.85434964,1364655875044811,ASK
1364655941,91.21,0.0331115,1364655941856169,ASK
1364656000,91.2,0.1,1364656000388859,BID
1364656037,91.21,5.42222841,1364656037541914,ASK
1364656045,91.2,0.01,1364656045643680,BID
1364656046,91.2,0.5,1364656046133566,BID
1364656046,91.2,0.26,1364656046290293,BID
1364656046,91.2,0.49,1364656046390026,BID
1364656046,91.2,0.02,1364656046999178,BID
1364656047,91.2,0.17,1364656047267817,BID
1364656130,91.21,2.3,1364656130076918,ASK
1364656135,91.21,0.94781273,1364656135767377,ASK
1364656201,91.2001,0.03647306,1364656201994245,BID
1364656222,91.2001,0.06352694,1364656222632912,BID
1364656233,91.2,4.985,1364656233199041,BID
1364656283,91.2,10,1364656283504106,BID
1364656348,91.20009,5,1364656348641886,ASK
1364656385,91.2,0.4662,1364656385509961,BID
1364656440,91.2,29.6888,1364656440315161,BID
1364656440,91.01,0.14286979,1364656440369703,BID
1364656441,90.99,1.7141,1364656441017245,ASK
1364656441,90.99,1.13442918,1364656441152975,ASK
1364656441,90.99,0.0329,1364656441280384,ASK
1364656481,90.90001,0.22848008,1364656481217323,BID
1364656481,90.9,0.79702239,1364656481317281,BID
1364656489,90.98999,1.36290926,1364656489649005,ASK
1364656489,90.99,0.2316325,1364656489735139,ASK
1364656512,90.99,9.01136853,1364656512398632,ASK
1364656512,91.20009,0.47723147,1364656512787936,ASK
1364656515,91.20009,0.02072695,1364656515593029,ASK
1364656523,91.20009,4.38851464,1364656523969848,ASK
1364656524,91.21,1.49684736,1364656524284876,ASK
1364656524,91.219,2.66548147,1364656524378208,ASK
1364656524,91.22,0.87278648,1364656524454469,ASK
1364656524,91.22998,0.05301185,1364656524550260,ASK
1364656524,91.22998,0.05204518,1364656524637485,ASK
1364656524,91.22998,0.05045363,1364656524688643,ASK
1364656524,91.22998,0.04977082,1364656524737064,ASK
1364656524,91.22999,0.37108857,1364656524972727,ASK
1364656557,90.90001,0.20859858,1364656557170739,BID
1364656557,90.9,0.79384387,1364656557280743,BID
1364656563,90.90001,1.5,1364656563707229,BID
1364656613,90.90003,0.24,1364656613100870,BID
1364656629,91,0.04536043,1364656629464551,BID
1364656717,90.99999,0.033,1364656717877598,ASK
1364656730,90.99999,0.011,1364656730379080,ASK
1364656742,90.99999,0.011,1364656742641303,ASK
1364656760,90.99999,1.56481031,1364656760115415,ASK
1364656760,90.99999,0.011,1364656760469399,ASK
1364656771,90.99999,0.011,1364656771410766,ASK
1364656785,90.99999,0.26142784,1364656785890326,ASK
1364656786,91.22999,0.07927216,1364656786136238,ASK
1364656787,91.22999,0.1,1364656787264580,ASK
1364656832,91.22999,1.28581108,1364656832305605,ASK
1364656835,91.2317,0.92761023,1364656835911597,ASK
1364656836,91.27999,0.04943392,1364656836309691,ASK
1364656836,91.27999,0.05071213,1364656836376822,ASK
1364656836,91.27999,0.05401498,1364656836436806,ASK
1364656837,91.27999,0.05015721,1364656837223938,ASK
1364656837,91.28,2.79829481,1364656837937541,ASK
1364656870,91.28,3.5,1364656870237315,ASK
1364656915,91.23001,0.02294223,1364656915124891,BID
1364656915,91.22999,0.3,1364656915228015,BID
1364656915,90.99999,0.05715605,1364656915329567,BID
1364656915,90.90005,0.21990172,1364656915381235,BID
1364656933,91.25999,0.02294223,1364656933590849,ASK
1364656933,91.26,0.03434463,1364656933671370,ASK
1364656939,91.26,0.46515537,1364656939231151,ASK
1364656939,91.28,0.59978271,1364656939555226,ASK
1364656979,91.28,0.02192261,1364656979009670,ASK
1364657000,91.26002,0.01017743,1364657000725214,BID
1364657000,91.26001,0.04379677,1364657000865130,BID
1364657008,91.26001,0.01246,1364657008086863,BID
1364657028,91.26001,0.00075291,1364657028145326,BID
1364657028,91.26001,0.05730279,1364657028194574,BID
1364657028,90.90005,0.75439828,1364657028256599,BID
1364657028,90.9,13.41120452,1364657028318802,BID
1364657028,90.7,0.0331,1364657028412325,BID
1364657028,90.68431,1.10272659,1364657028755855,BID
1364657029,90.51967,0.0589455,1364657029236640,BID
1364657029,90.4511,0.18192614,1364657029356175,BID
1364657029,90.3,20,1364657029427881,BID
1364657029,90.2929,0.0982425,1364657029482152,BID
1364657029,90.2,13.602,1364657029527748,BID
1364657029,90.2,5.69940077,1364657029729621,BID
1364657042,91.27999,0.01017743,1364657042029171,ASK
1364657042,91.28,0.48616855,1364657042121087,ASK
1364657099,91.2317,1.09611023,1364657099097429,ASK
1364657099,91.28,10.51593928,1364657099399504,ASK
1364657099,91.39,0.5,1364657099473878,ASK
1364657099,91.39999,1.37712885,1364657099634774,ASK
1364657099,91.4,25,1364657099697166,ASK
1364657099,91.4,0.2,1364657099743590,ASK
1364657099,91.451,0.18118735,1364657099825119,ASK
1364657099,91.4578,1.5665405,1364657099918043,ASK
1364657099,91.49999,0.994,1364657099983413,ASK
1364657100,91.49999,0.98944437,1364657100030114,ASK
1364657100,91.5,0.123,1364657100117385,ASK
1364657100,91.5,1.01004063,1364657100212740,ASK
1364657100,91.5,6.81697475,1364657100267410,ASK
1364657113,90.9001,0.2,1364657113252987,BID
1364657114,90.9001,0.311,1364657114707282,BID
1364657114,90.9001,0.015,1364657114834878,BID
1364657172,91.21,0.00716642,1364657172321574,BID
1364657174,90.90009,0.01,1364657174682870,BID
1364657193,91.20999,0.51883358,1364657193667221,ASK
1364657193,91.27,0.01126642,1364657193760864,ASK
1364657209,90.9001,1,1364657209626890,BID
1364657210,90.9001,2.51305987,1364657210987687,BID
1364657213,90.68432,0.01,1364657213157225,BID
1364657221,90.68432,1.74652994,1364657221609114,BID
1364657221,90.68431,1.10272659,1364657221740174,BID
1364657221,90.20855,1.58446965,1364657221806928,BID
1364657221,90.201,1.5,1364657221863651,BID
1364657222,90.20001,1.37712885,1364657222005971,BID
1364657222,90.20001,0.98944437,1364657222065990,BID
1364657222,90.20001,6.99314711,1364657222130749,BID
1364657222,90.2,22.08655349,1364657222203019,BID
1364657243,90.40001,0.5,1364657243744746,BID
1364657268,90.40001,1,1364657268126193,BID
1364657320,90.40001,1,1364657320565254,BID
1364657411,90.90008,1,1364657411619139,ASK
1364657457,90.40001,0.12979491,1364657457608521,BID
1364657458,90.40001,0.87020509,1364657458484137,BID
1364657483,90.90007,2.1124,1364657483967548,ASK
1364657596,90.90007,4.77698472,1364657596004933,ASK
1364657597,90.90008,1.02668282,1364657597690362,BID
1364657602,90.90008,0.67904298,1364657602179426,BID
1364657643,90.80001,0.25882513,1364657643249249,BID
1364657643,90.8,3.6585,1364657643329430,BID
1364657643,90.40007,1.25,1364657643373147,BID
1364657643,90.40001,1.33608491,1364657643430789,BID
1364657643,90.4,0.01132256,1364657643496276,BID
1364657643,90.22199,0.0356985,1364657643742383,BID
1364657643,90.20001,0.73105431,1364657643945440,BID
1364657644,90.2,0.86865599,1364657644033657,BID
1364657651,90.90009,0.00004224,1364657651260489,ASK
1364657652,90.40008,0.01,1364657652381364,BID
1364657667,90.40008,0.015,1364657667694553,BID
1364657738,90.90008,0.27382513,1364657738192927,ASK
1364657738,90.90009,3.48689789,1364657738272460,ASK
1364657767,91.205,0.5,1364657767255110,ASK
1364657767,91.205,0.5,1364657767312899,ASK
1364657767,91.21,4.26323341,1364657767386190,ASK
1364657851,91.2099,0.5,1364657851808741,ASK
1364657851,91.21,0.02330426,1364657851879245,ASK
1364657918,91.21,1.04660852,1364657918508169,ASK
1364657966,91.20999,0.0827676,1364657966536731,ASK
1364657977,91.19,1.0964,1364657977670961,ASK
1364657982,91.19,1.0966,1364657982604158,ASK
1364657996,91.19,0.00001151,1364657996475479,ASK
1364658024,90.88801,0.1,1364658024532845,BID
1364658135,91.19,0.03312239,1364658135850035,ASK
1364658264,90.88801,2.24430902,1364658264433543,BID
1364658264,90.888,0.67869098,1364658264519370,BID
1364658265,90.888,1.32130902,1364658265441636,BID
1364658265,90.5,0.17869098,1364658265495547,BID
1364658268,90.50001,0.26973344,1364658268978067,BID
1364658270,90.50001,0.24,1364658270037782,BID
1364658284,91.18999,1.05,1364658284080859,ASK
1364658284,90.50001,0.01,1364658284931574,BID
1364658290,90.50001,0.16484244,1364658290836936,BID
1364658299,91.18999,1.29430902,1364658299367805,ASK
1364658299,91.19,1.98259098,1364658299482870,ASK
1364658322,91.19,1.69591961,1364658322656686,ASK
1364658348,90.50001,0.01,1364658348040885,BID
1364658399,90.50004,0.0100025,1364658399078856,BID
1364658431,91.18999,0.4932588,1364658431125009,ASK
1364658431,90.50004,0.01,1364658431957306,BID
1364658445,91.18999,0.18131708,1364658445771090,ASK
1364658445,91.20999,0.4172324,1364658445880333,ASK
1364658445,91.21,4.63449313,1364658445954953,ASK
1364658449,90.50004,0.01,1364658449547561,BID
1364658494,91.18998,0.0100025,1364658494712545,ASK
1364658494,91.18999,0.01192011,1364658494842827,ASK
1364658503,91.18999,0.0147,1364658503874633,ASK
1364658504,91.18999,0.02654019,1364658504170324,ASK
1364658504,91.18999,0.02646057,1364658504329803,ASK
1364658504,91.18999,0.02638118,1364658504627164,ASK
1364658504,91.18999,0.026302,1364658504730484,ASK
1364658504,91.18999,0.02622305,1364658504870769,ASK
1364658504,91.18999,0.02614442,1364658504964259,ASK
1364658505,91.18999,0.02606601,1364658505100337,ASK
1364658505,91.18999,0.02598783,1364658505193050,ASK
1364658505,91.18999,0.02590986,1364658505333789,ASK
1364658505,91.18999,0.02583211,1364658505426993,ASK
1364658505,91.18999,0.02575458,1364658505541619,ASK
1364658505,91.18999,0.02567727,1364658505629205,ASK
1364658505,91.18999,0.02560028,1364658505785435,ASK
1364658505,91.18999,0.02552352,1364658505918913,ASK
1364658506,91.18999,0.02544698,1364658506044763,ASK
1364658506,91.18999,0.02537065,1364658506200181,ASK
1364658506,91.18999,0.02529455,1364658506379401,ASK
1364658506,91.18999,0.02521866,1364658506473701,ASK
1364658506,91.18999,0.025143,1364658506635415,ASK
1364658506,91.18999,0.02506755,1364658506737367,ASK
1364658506,91.18999,0.02499232,1364658506872553,ASK
1364658506,91.18999,0.02491731,1364658506979622,ASK
1364658507,91.18999,0.02484252,1364658507122639,ASK
1364658507,91.18999,0.02476795,1364658507299055,ASK
1364658507,91.18999,0.0246936,1364658507453219,ASK
1364658507,91.18999,0.02461947,1364658507754059,ASK
1364658507,91.18999,0.02454556,1364658507901454,ASK
1364658507,91.18999,0.02447198,1364658507995413,ASK
1364658508,91.18999,0.02439862,1364658508136668,ASK
1364658508,91.18999,0.02432547,1364658508373702,ASK
1364658508,91.18999,0.02425255,1364658508528239,ASK
1364658508,91.18999,0.02417984,1364658508657048,ASK
1364658508,91.18999,0.02410736,1364658508815166,ASK
1364658508,91.18999,0.02403498,1364658508896224,ASK
1364658509,91.18999,0.02396282,1364658509069466,ASK
1364658509,91.18999,0.02389088,1364658509220853,ASK
1364658509,91.18999,0.02381917,1364658509406304,ASK
1364658509,91.18999,0.02374767,1364658509513646,ASK
1364658509,91.18999,0.02367639,1364658509829753,ASK
1364658510,91.18999,0.02360533,1364658510054723,ASK
1364658510,91.18999,0.02353449,1364658510305395,ASK
1364658510,91.18999,0.02346386,1364658510402719,ASK
1364658510,91.18999,0.02339346,1364658510606796,ASK
1364658510,91.18999,0.02332328,1364658510703769,ASK
1364658510,91.18999,0.02325331,1364658510888022,ASK
1364658511,91.18999,0.02318357,1364658511125090,ASK
1364658511,91.18999,0.02311405,1364658511286738,ASK
1364658511,91.18999,0.02304474,1364658511419734,ASK
1364658511,91.18999,0.02297565,1364658511687720,ASK
1364658511,91.18999,0.02290668,1364658511805768,ASK
1364658511,91.18999,0.02283792,1364658511949929,ASK
1364658512,91.18999,0.02276938,1364658512049351,ASK
1364658512,91.18999,0.02270106,1364658512531379,ASK
1364658512,91.18999,0.02263296,1364658512655033,ASK
1364658512,91.18999,0.02256508,1364658512789164,ASK
1364658512,91.18999,0.02249742,1364658512955260,ASK
1364658513,91.18999,0.02242998,1364658513291408,ASK
1364658513,91.18999,0.02236265,1364658513381948,ASK
1364658513,91.18999,0.02229553,1364658513524757,ASK
1364658513,91.18999,0.02222864,1364658513617460,ASK
1364658513,91.18999,0.02216197,1364658513782797,ASK
1364658514,91.18999,0.02209551,1364658514476973,ASK
1364658515,91.18999,0.02202928,1364658515052864,ASK
1364658515,91.18999,0.02196315,1364658515146568,ASK
1364658516,91.18999,0.02189724,1364658516042179,ASK
1364658516,91.18999,0.02183156,1364658516164987,ASK
1364658516,91.18999,0.02176609,1364658516350960,ASK
1364658516,91.18999,0.02170084,1364658516455200,ASK
1364658517,91.18999,0.0216357,1364658517199226,ASK
1364658517,91.18999,0.02157078,1364658517422251,ASK
1364658517,91.18999,0.02150608,1364658517572750,ASK
1364658517,91.18999,0.0214416,1364658517848681,ASK
1364658517,91.18999,0.02137723,1364658517993987,ASK
1364658518,91.18999,0.02131308,1364658518108124,ASK
1364658518,91.18999,0.02124915,1364658518279281,ASK
1364658518,91.18999,0.02118543,1364658518376077,ASK
1364658518,91.18999,0.02112183,1364658518874041,ASK
1364658519,91.188,0.02105891,1364658519126997,ASK
1364658553,90.59001,1,1364658553375695,BID
1364658577,91.188,1.56991278,1364658577846528,ASK
1364658652,91.18799,1,1364658652617153,ASK
1364658654,91.188,2.40902831,1364658654708019,ASK
1364658669,91.188,2.64711415,1364658669115549,BID
1364658680,91.188,1,1364658680517229,BID
1364658828,91.18999,0.62796511,1364658828392583,ASK
1364658828,91.18999,0.84,1364658828519842,ASK
1364658853,91.188,1,1364658853110157,BID
1364658863,91.18999,0.03497883,1364658863258112,ASK
1364658892,91.188,0.62806531,1364658892917016,BID
1364658893,90.59002,0.05474745,1364658893004963,BID
1364658893,90.59002,0.05919789,1364658893053753,BID
1364658893,90.59002,0.05661006,1364658893096149,BID
1364658893,90.59002,0.05901184,1364658893137403,BID
1364658893,90.59002,0.05705279,1364658893183122,BID
1364658893,90.5,0.10431466,1364658893240452,BID
1364658986,90.50006,0.06615526,1364658986310876,BID
1364659010,91.18989,0.04847421,1364659010409614,ASK
1364659010,91.18989,0.04874646,1364659010466801,ASK
1364659010,91.18989,0.0518809,1364659010506154,ASK
1364659010,91.18989,0.05355059,1364659010551045,ASK
1364659010,91.1899,3,1364659010599994,ASK
1364659010,91.18999,0.00256102,1364659010824531,ASK
1364659011,91.1899,0.27272727,1364659011713349,BID
1364659011,91.1899,0.06615505,1364659011942030,BID
1364659019,91.18999,1.0637,1364659019407053,ASK
1364659043,91.18999,2.97165473,1364659043379801,ASK
1364659043,91.18999,2.97165473,1364659043979258,ASK
1364659053,91.1899,1,1364659053198113,BID
1364659060,91.1899,0.05204001,1364659060403841,BID
1364659088,90.50006,0.03591286,1364659088448694,BID
1364659107,91.1899,1,1364659107325730,ASK
1364659107,91.18999,1.1932,1364659107443995,ASK
1364659114,90.50006,1,1364659114076370,BID
1364659175,91.17999,1.03591286,1364659175983319,ASK
1364659176,91.18,4.23388714,1364659176076229,ASK
1364659178,90.50008,0.93,1364659178920979,BID
1364659179,90.50008,0.3,1364659179782317,BID
1364659179,91.18,1.2,1364659179918666,ASK
1364659206,90.50011,8.2196666,1364659206838800,BID
1364659214,90.50012,0.05854712,1364659214658646,BID
1364659215,90.50012,0.11049709,1364659215644838,BID
1364659219,90.5001,1.248,1364659219083389,BID
1364659219,90.50007,2.052,1364659219151503,BID
1364659226,90.50012,2.396,1364659226793212,ASK
1364659267,90.5001,1,1364659267058694,BID
1364659275,90.5001,1.53622124,1364659275432783,BID
1364659275,90.50009,1.021,1364659275521813,BID
1364659277,90.50007,1.948,1364659277194534,BID
1364659279,90.50002,0.05459785,1364659279134421,BID
1364659281,90.50002,0.05511632,1364659281378175,BID
1364659285,90.50002,0.05613435,1364659285209500,BID
1364659289,90.50002,0.05887376,1364659289098550,BID
1364659290,90.5,4.71699436,1364659290061562,BID
1364659293,90.5,3.2158422,1364659293374405,BID
1364659293,90.5,2.2099,1364659293828409,BID
1364659294,90.5,0.1514,1364659294247687,BID
1364659294,90.5,0.64546022,1364659294335721,BID
1364659295,90.21,4.1304597,1364659295638417,BID
1364659316,91.17989,5.23304261,1364659316069447,ASK
1364659439,90.50012,0.05805942,1364659439066753,BID
1364659439,90.21102,0.95153122,1364659439132521,BID
1364659471,91.1798,3,1364659471865248,ASK
1364659471,91.1799,2,1364659471948567,ASK
1364659472,91.17998,0.05513375,1364659472045804,ASK
1364659472,91.17998,0.04981864,1364659472089972,ASK
1364659472,91.18,34.56611286,1364659472149809,ASK
1364659472,91.18989,0.05068798,1364659472217742,ASK
1364659472,91.18989,0.04956418,1364659472256944,ASK
1364659472,91.18989,0.0472177,1364659472306089,ASK
1364659472,91.18998,0.41850979,1364659472425203,ASK
1364659472,91.18999,3.1826151,1364659472515359,ASK
1364659473,91.18998,0.00086391,1364659473627844,ASK
1364659483,90.50013,0.32376419,1364659483730592,BID
1364659489,90.50013,0.5,1364659489674670,BID
1364659520,91.17899,5.23210065,1364659520895294,ASK
1364659539,90.50013,0.5,1364659539713586,BID
1364659574,90.50016,1.02,1364659574531681,BID
1364659688,91.17897,3.86364486,1364659688817204,ASK
1364659688,91.179,1.172,1364659688918973,ASK
1364659688,91.18,0.19382299,1364659688975272,ASK
1364659710,91.18,2.61510006,1364659710953993,ASK
1364659767,91.18,1.04604002,1364659767510793,ASK
1364659769,91.18,5.23020011,1364659769657023,ASK
1364659909,91.18,1.03473851,1364659909862334,ASK
1364659976,91.18,2.08867644,1364659976051987,ASK
1364659989,91.18,3.29019521,1364659989830714,ASK
1364660035,91.18,5,1364660035140920,ASK
1364660098,91.175,21.9358,1364660098215495,ASK
1364660124,90.51211,1,1364660124958291,BID
1364660203,91,0.25877014,1364660203641369,BID
1364660265,91.16999,0.74122986,1364660265354959,ASK
1364660265,91.17,1,1364660265449799,ASK
1364660265,91.17,0.1,1364660265503123,ASK
1364660265,91.175,3.38613083,1364660265550092,ASK
1364660299,90.52008,0.08,1364660299933101,BID
1364660300,90.52008,0.4,1364660300749179,BID
1364660301,90.52008,0.43,1364660301365615,BID
1364660301,90.52006,0.21,1364660301533483,BID
1364660326,90.52007,8.85902167,1364660326773565,BID
1364660326,90.52006,0.7661,1364660326858511,BID
1364660326,90.52,1.39473784,1364660326916644,BID
1364660326,90.51212,0.05877347,1364660326989320,BID
1364660327,90.51212,0.05571986,1364660327049283,BID
1364660327,90.51212,0.05719876,1364660327098055,BID
1364660327,90.51101,0.05902464,1364660327158619,BID
1364660327,90.51101,0.05690965,1364660327205809,BID
1364660327,90.51101,0.05455378,1364660327255058,BID
1364660327,90.51101,0.05912237,1364660327296932,BID
1364660327,90.50014,0.05801667,1364660327339029,BID
1364660327,90.50014,0.05507926,1364660327380859,BID
1364660327,90.50014,0.0572563,1364660327422783,BID
1364660327,90.50014,0.05651771,1364660327463011,BID
1364660327,90.50014,0.05458876,1364660327506940,BID
1364660327,90.50012,0.05481467,1364660327544089,BID
1364660327,90.5,5,1364660327599770,BID
1364660327,90.5,0.1,1364660327653314,BID
1364660327,90.5,0.5,1364660327740757,BID
1364660327,90.21105,1,1364660327790110,BID
1364660327,90.21102,2.2835,1364660327856623,BID
1364660327,90.21102,3,1364660327904705,BID
1364660327,90.211,7.71906459,1364660327960412,BID
1364660384,91.12009,5.23020011,1364660384272182,ASK
1364660387,90.25001,0.01,1364660387646154,BID
1364660391,91.12008,1.42245265,1364660391670292,ASK
1364660395,90.25001,0.01,1364660395046874,BID
1364660403,90.25001,0.0187522,1364660403128045,BID
1364660466,91.17498,3.13512111,1364660466645598,ASK
1364660466,91.17499,0.05442232,1364660466770458,ASK
1364660466,91.17499,0.04983892,1364660466819550,ASK
1364660467,91.175,0.41802205,1364660467047677,ASK
1364660469,90.51216,2.1E-7,1364660469221743,BID
1364660543,91.175,3.13471462,1364660543963807,ASK
1364660571,91.175,1.855,1364660571060963,ASK
1364660578,90.51217,0.8475,1364660578668860,BID
1364660582,90.51217,0.0101779,1364660582539869,BID
1364660589,91.175,1.669,1364660589081597,ASK
1364660590,91.175,1.0694,1364660590146074,ASK
1364660595,91.17499,0.0478718,1364660595813957,ASK
1364660596,91.175,1.4551282,1364660596671984,ASK
1364660598,91.175,1.503,1364660598338185,ASK
1364660606,91.175,1.201,1364660606251597,ASK
1364660608,91.175,2.29,1364660608724783,ASK
1364660611,91.175,1.08,1364660611756865,ASK
1364660615,91.175,0.9716,1364660615908304,ASK
1364660629,91.175,3.3712043,1364660629239877,ASK
1364660629,91.17998,0.04814491,1364660629499216,ASK
1364660629,91.17999,0.05050645,1364660629580606,ASK
1364660629,91.17999,0.05072454,1364660629659766,ASK
1364660629,91.17999,0.0508278,1364660629721767,ASK
1364660629,91.18,1.65210967,1364660629792546,ASK
1364660637,91.18,0.8734,1364660637382257,ASK
1364660638,91.18,0.02193463,1364660638312681,ASK
1364660649,91.18,0.7864,1364660649023732,ASK
1364660687,90.51219,0.02152658,1364660687027369,BID
1364660711,91.18,1,1364660711585375,ASK
1364660802,91.175,2.1936,1364660802787928,BID
1364660838,91.175,2.1936,1364660838944634,BID
1364660847,91.175,1.01,1364660847059746,BID
1364660847,91.175,0.85704164,1364660847669472,BID
1364660863,91.17999,0.02,1364660863964340,ASK
1364660867,91.175,0.1,1364660867415867,BID
1364660874,91.175,0.1,1364660874356067,BID
1364660883,91.175,10.6128,1364660883943969,BID
1364660884,91.17999,0.03289915,1364660884862419,ASK
1364660884,91.17999,2.61689204,1364660884957392,ASK
1364660915,91.17999,0.17068624,1364660915043944,ASK
1364660950,91.175,0.359,1364660950723414,BID
1364660970,91.17999,0.1,1364660970361977,ASK
1364660980,91.175,0.03882471,1364660980041013,BID
1364660980,91.17999,0.11242172,1364660980235323,ASK
1364660980,91.18,27.3132477,1364660980312042,ASK
1364661009,91.18,0.04,1364661009378607,BID
1364661029,91.18997,0.05293614,1364661029005726,ASK
1364661029,91.18997,0.05165255,1364661029104272,ASK
1364661029,91.18997,0.04876233,1364661029200680,ASK
1364661029,91.18997,0.05384327,1364661029267660,ASK
1364661029,91.18997,0.05143582,1364661029679859,ASK
1364661029,91.18997,0.05304108,1364661029744166,ASK
1364661039,91.18999,5.21603436,1364661039748820,ASK
1364661050,91.18998,0.02065842,1364661050254840,BID
1364661073,91.18,0.2,1364661073427312,BID
1364661075,91.18999,0.34496373,1364661075307623,ASK
1364661130,91.18,1.0008,1364661130524921,BID
1364661142,91.18999,1.04320687,1364661142350176,ASK
1364661157,91.18,0.31567724,1364661157479408,BID
1364661164,91.18,0.01001515,1364661164152028,BID
1364661289,91.18999,3.8381,1364661289246253,ASK
1364661444,91.18,5,1364661444186575,BID
1364661459,91.18999,5.21603436,1364661459342804,ASK
1364661507,91.18999,10.5275,1364661507484577,ASK
1364661549,91.18999,5.21603436,1364661549673476,ASK
1364661683,91.18999,2.08641374,1364661683862425,ASK
1364661694,91.18999,1.04320687,1364661694516905,ASK
1364661694,91.18999,7.9906,1364661694629609,ASK
1364661695,91.18,20,1364661695694870,BID
1364661774,91.18999,1.75,1364661774320894,ASK
1364661775,91.18999,28.9857998,1364661775794584,ASK
1364661775,91.18999,4,1364661775862059,ASK
1364661775,91.2,0.317,1364661775949942,ASK
1364661776,91.20999,0.55801306,1364661776065452,ASK
1364661776,91.21,20.03236068,1364661776159777,ASK
1364661776,91.21,23.72995671,1364661776272525,ASK
1364661776,91.21,2.37686975,1364661776318514,ASK
1364661799,91.18001,0.02235108,1364661799590187,BID
1364661799,91.18,99.97764892,1364661799723227,BID
1364661803,91.21,0.15612025,1364661803965891,ASK
1364661805,91.2317,1.09611023,1364661805705151,ASK
1364661805,91.25,0.0952216,1364661805787877,ASK
1364661806,91.26999,0.29664613,1364661806095750,ASK
1364661812,91.20999,0.02298734,1364661812090724,ASK
1364661812,91.26999,0.69537708,1364661812293019,ASK
1364661812,91.299,0.18061852,1364661812381015,ASK
1364661812,91.399,0.01445346,1364661812452787,ASK
1364661812,91.4,25.29472365,1364661812509128,ASK
1364661812,91.41452,0.74401741,1364661812566955,ASK
1364661812,91.41453,1.574373,1364661812620696,ASK
1364661812,91.459,0.47344954,1364661812672536,ASK
1364661840,91.459,29,1364661840799796,ASK
1364661845,91.459,0.6144,1364661845383497,ASK
1364661856,91.4,0.07,1364661856617222,ASK
1364661862,91.4,0.5,1364661862783568,ASK
1364661869,91.4,0.07,1364661869919201,ASK
1364661895,91.191,0.01,1364661895009705,ASK
1364661899,91.19102,0.01,1364661899841458,BID
1364661906,91.4,1.4555256,1364661906071163,ASK
1364661927,91.19699,0.01,1364661927314687,ASK
1364661927,91.197,0.01,1364661927403158,ASK
1364661933,91.4,10.4177,1364661933547347,ASK
1364661946,91.198,0.01,1364661946943721,ASK
1364661957,91.19802,1.03951462,1364661957619471,BID
1364661957,91.19801,1.664,1364661957687350,BID
1364661984,91.197,0.38,1364661984321487,BID
1364662025,91.19699,0.7,1364662025784840,ASK
1364662053,91.198,10,1364662053335999,ASK
1364662058,91.198,5.21603436,1364662058202122,ASK
1364662075,91.198,0.7005,1364662075036392,ASK
1364662078,91.197,1.32798589,1364662078749198,BID
1364662083,91.197,0.49336696,1364662083771779,ASK
1364662101,91.197,0.46944309,1364662101776350,ASK
1364662121,91.197,0.0548,1364662121625124,ASK
1364662124,91.19101,0.69680413,1364662124650963,BID
1364662140,91.19101,12.40993975,1364662140812602,BID
1364662147,91.191,0.02192742,1364662147386977,ASK
1364662173,91.191,4,1364662173171867,ASK
1364662224,91.191,3.12962062,1364662224809461,ASK
1364662233,91.18999,0.9061538,1364662233494324,BID
1364662282,91.1911,3.64667299,1364662282710114,BID
1364662283,91.191,5.27,1364662283313442,BID
1364662283,91.18999,4.1475462,1364662283397673,BID
1364662297,91.18,6.03018927,1364662297755706,BID
1364662297,91.175,4.77851628,1364662297876435,BID
1364662298,91.175,0.033,1364662298886513,BID
1364662299,91.175,0.011,1364662299340650,BID
1364662420,91.175,24.70896967,1364662420511352,BID
1364662420,90.89999,9.55555,1364662420592235,BID
1364662420,90.7,0.2194,1364662420654965,BID
1364662420,90.68431,1.10272659,1364662420747462,BID
1364662420,90.6,1,1364662420820126,BID
1364662420,90.54114,0.0302865,1364662420890253,BID
1364662420,90.51217,0.05561846,1364662420959722,BID
1364662421,90.51217,0.05615159,1364662421006865,BID
1364662421,90.51217,0.05568565,1364662421043667,BID
1364662421,90.51212,0.05211638,1364662421082497,BID
1364662421,90.502,2.0077,1364662421242337,BID
1364662421,90.5,1.93370165,1364662421302288,BID
1364662421,90.5,0.2199,1364662421341147,BID
1364662422,90.5,0.51975731,1364662422600517,ASK
1364662438,90.5,0.08276928,1364662438954030,ASK
1364662445,90.5,0.0442,1364662445351652,ASK
1364662450,90.5,1,1364662450808012,ASK
1364662478,90.5,3,1364662478978179,ASK
1364662483,90.5,4,1364662483415456,ASK
1364662487,90.5,1,1364662487818600,ASK
1364662488,90.5,1,1364662488990486,ASK
1364662520,90.5,7.48024773,1364662520304746,ASK
1364662541,91.18997,0.6317,1364662541390915,ASK
1364662542,90.50001,0.01,1364662542673301,BID
1364662588,91.18997,0.00037043,1364662588687416,ASK
1364662589,90.55001,0.01,1364662589366883,BID
1364662686,90.99899,0.9272015,1364662686842224,ASK
1364662701,91.18998,0.04696188,1364662701495708,ASK
1364662701,91.18998,0.05114185,1364662701774133,ASK
1364662701,91.18998,0.04857081,1364662701818298,ASK
1364662701,91.18998,0.04792899,1364662701862114,ASK
1364662701,91.19801,2.29648538,1364662701908158,ASK
1364662701,91.199,0.01,1364662701964383,ASK
1364662702,91.19999,0.04965717,1364662702099516,ASK
1364662702,91.2,0.29746711,1364662702179308,ASK
1364662708,90.999,0.93559932,1364662708948266,BID
1364662709,90.99899,0.0727985,1364662709049936,BID
1364662709,90.55002,0.05624912,1364662709146817,BID
1364662709,90.55,3,1364662709204292,BID
1364662709,90.5,0.71802958,1364662709285928,BID
1364662709,90.5,1.80172269,1364662709402592,BID
1364662709,90.49,1,1364662709456598,BID
1364662709,90.32,0.5,1364662709509770,BID
1364662709,90.3101,1.48095383,1364662709558573,BID
1364662742,91.18995,0.93559932,1364662742064082,ASK
1364662742,91.18996,0.0487433,1364662742173532,ASK
1364662786,91.19999,0.00358684,1364662786406764,ASK
1364662800,91.18997,1.44679245,1364662800753433,BID
1364662801,91.19999,0.01266393,1364662801011420,ASK
1364662801,91.19999,0.01,1364662801086251,ASK
1364662801,91.2,1.41528958,1364662801201914,ASK
1364662825,91.19999,0.00000361,1364662825131735,ASK
1364662835,91.19999,0.00999639,1364662835432180,ASK
1364662835,91.19999,2,1364662835565462,ASK
1364662836,91.2,1.12982917,1364662836531393,ASK
1364662848,91.18997,0.115,1364662848979906,BID
1364662851,91.18997,0.01,1364662851261602,BID
1364662852,91.18997,0.01,1364662852766432,BID
1364662856,91.18997,0.2366,1364662856878503,BID
1364662857,91.18997,0.03776121,1364662857197495,BID
1364662859,91.2,5.22257653,1364662859599638,ASK
1364662881,91.2,1.7378935,1364662881732198,ASK
1364662883,91.2,1.0025,1364662883891858,ASK
1364662896,91.2,0.00007554,1364662896786159,ASK
1364662897,91.2,5.2637,1364662897354432,ASK
1364662908,91.2,5.12838176,1364662908402445,ASK
1364662935,91.2,1.1,1364662935689044,ASK
1364662948,91.2,9.52,1364662948271853,ASK
1364662950,91.19999,0.02200082,1364662950640453,BID
1364662959,91.19999,0.08,1364662959363292,BID
1364663014,91.2,2.2417,1364663014455631,ASK
1364663014,91.2,0.2686,1364663014757182,ASK
1364663043,91.2,2.316,1364663043401067,ASK
1364663044,91.19999,0.98644841,1364663044985035,BID
1364663069,91.19999,3,1364663069201695,BID
1364663123,91.19999,0.05154156,1364663123266368,BID
1364663386,91.19999,0.1748538,1364663386661139,BID
1364663387,91.19999,3.68515541,1364663387838660,BID
1364663389,91.19998,1.30484459,1364663389309700,ASK
1364663389,91.2,0.57515541,1364663389369462,ASK
1364663515,91.18997,0.03,1364663515756791,BID
1364663540,91.18997,1.3409319,1364663540900529,BID
1364663540,91.18997,0.10966118,1364663540973401,BID
1364663541,91,6.8181,1364663541065166,BID
1364663541,90.61,3.36487175,1364663541125786,BID
1364663541,90.55002,0.05442975,1364663541245951,BID
1364663541,90.55002,0.05474471,1364663541292964,BID
1364663541,90.55002,0.05769656,1364663541335008,BID
1364663541,90.51,4.9118,1364663541405472,BID
1364663541,90.39,1,1364663541743191,BID
1364663541,90.3101,1.51904617,1364663541857194,BID
1364663541,90.3,0.2204,1364663541968131,BID
1364663542,90.3,3,1364663542012535,BID
1364663542,90.3,3,1364663542056957,BID
1364663542,90.2581,33.2,1364663542205131,BID
1364663542,90.25799,19.62160964,1364663542258098,BID
1364663542,90.25003,0.55801306,1364663542556417,BID
1364663542,90.25003,0.99202321,1364663542627388,BID
1364663542,90.25003,0.74401741,1364663542832002,BID
1364663542,90.25,2,1364663542894376,BID
1364663542,90.23001,0.04965717,1364663542936811,BID
1364663542,90.23001,0.01,1364663542987564,BID
1364663543,90.23,17.71799749,1364663543062518,BID
1364663566,91.195,5,1364663566930726,ASK
1364663567,91.19998,1,1364663567029044,ASK
1364663567,91.2,62.7808314,1364663567111330,ASK
1364663567,91.2,2,1364663567186292,ASK
1364663567,91.2317,1.09611023,1364663567646279,ASK
1364663567,91.29999,0.04965717,1364663567834594,ASK
1364663568,91.3,100,1364663568152773,ASK
1364663568,91.36473,0.7,1364663568204212,ASK
1364663568,91.395,0.1,1364663568343365,ASK
1364663568,91.4,28.2734012,1364663568381236,ASK
1364663602,91.19499,0.04674814,1364663602686969,ASK
1364663603,91.19499,0.05195511,1364663603359969,ASK
1364663659,91.19501,0.05,1364663659828191,BID
1364663662,91.19501,0.05133056,1364663662758913,BID
1364663692,91.39,1,1364663692292440,ASK
1364663693,91.39001,0.09879848,1364663693239954,BID
1364663723,91.4,3,1364663723658801,ASK
1364663757,91.39001,0.58630152,1364663757701257,BID
1364663757,90.73973,0.025719,1364663757815125,BID
1364663757,90.68431,0.76374906,1364663757938132,BID
1364663768,91.4,1.7177,1364663768296388,ASK
1364663773,90.68432,0.00253229,1364663773756962,BID
1364663773,90.68432,0.00253229,1364663773874800,BID
1364663773,90.68432,0.00253229,1364663773996320,BID
1364663774,90.68432,0.00240313,1364663774160211,BID
1364663801,91.4,5.23304261,1364663801470824,ASK
1364663802,90.68432,0.00253229,1364663802435392,BID
1364663802,90.68432,0.00253229,1364663802547770,BID
1364663802,90.68432,0.00253229,1364663802651695,BID
1364663802,90.68432,0.00240313,1364663802804853,BID
1364663830,90.68432,0.28109448,1364663830756031,BID
1364663845,91.4,1,1364663845065708,ASK
1364663845,90.68432,0.01,1364663845823627,BID
1364663857,91.4,5.21603436,1364663857536757,ASK
1364663858,90.68432,0.01,1364663858194265,BID
1364663891,91.39999,0.28362656,1364663891934785,ASK
1364663892,91.4,0.71637344,1364663892034314,ASK
1364663893,90.68434,2.1E-7,1364663893023187,BID
1364663903,90.68435,0.04945249,1364663903942550,BID
1364663959,91.4,0.15,1364663959052110,ASK
1364663981,90.68435,0.5,1364663981112720,BID
1364664000,91.4,10,1364664000016612,ASK
1364664049,90.68435,6.1,1364664049272261,BID
1364664077,91.4,15.0212582,1364664077458185,ASK
1364664097,91.4,1,1364664097131280,ASK
1364664137,91.39999,1.98659058,1364664137304289,ASK
1364664145,91.39999,0.18,1364664145790889,ASK
1364664161,91.39999,0.00392855,1364664161795995,ASK
1364664174,91.39989,1.04320687,1364664174835755,ASK
1364664180,90.70001,0.56,1364664180532060,BID
1364664244,91.39988,0.69414981,1364664244012471,ASK
1364664284,91.39988,0.02205072,1364664284909409,ASK
1364664307,91.39988,1.56481031,1364664307392270,ASK
1364664343,90.70004,3.2,1364664343086475,BID
1364664343,90.70004,0.1,1364664343835762,BID
1364664397,90.70004,5.32162578,1364664397716498,BID
1364664397,90.70002,0.05851218,1364664397830267,BID
1364664397,90.70002,0.0553324,1364664397884364,BID
1364664397,90.70002,0.05594917,1364664397929765,BID
1364664397,90.7,2.1882,1364664397977743,BID
1364664398,90.68433,0.05462642,1364664398014263,BID
1364664398,90.68433,0.05362218,1364664398069193,BID
1364664398,90.68433,0.05717678,1364664398117153,BID
1364664398,90.68431,0.33897753,1364664398315942,BID
1364664398,90.5,0.5,1364664398435416,BID
1364664398,90.36,0.5,1364664398498231,BID
1364664398,90.35,2,1364664398556112,BID
1364664398,90.3001,1.07512704,1364664398610663,BID
1364664398,90.3,10.8749,1364664398669679,BID
1364664398,90.3,0.0145405,1364664398717136,BID
1364664398,90.26,16.61865721,1364664398821677,BID
1364664398,90.25001,0.04965717,1364664398957189,BID
1364664399,90.23033,4.12272148,1364664399045741,BID
1364664399,90.23002,0.05623216,1364664399124289,BID
1364664399,90.23002,0.0573418,1364664399164991,BID
1364664399,90.23002,0.05733238,1364664399208754,BID
1364664399,90.23002,0.05550905,1364664399249023,BID
1364664399,90.23,2.28200251,1364664399303021,BID
1364664399,90.21106,11.81225856,1364664399344556,BID
1364664399,90.211,20,1364664399419542,BID
1364664399,90.21,4,1364664399515790,BID
1364664399,90.20221,0.01,1364664399575885,BID
1364664399,90.2022,17.7296977,1364664399656452,BID
1364664403,90.70002,0.05335384,1364664403862355,BID
1364664431,90.70001,10.4558,1364664431602388,ASK
1364664439,90.70001,5.21603436,1364664439919002,ASK
1364664443,90.21,1,1364664443503789,BID
1364664443,90.2022,4.64115,1364664443623235,BID
1364664489,90.70001,0.05275138,1364664489549125,ASK
1364664495,90.70001,1,1364664495665500,ASK
1364664552,90.70001,5.37066041,1364664552321941,ASK
1364664605,91.19499,0.05067743,1364664605085037,ASK
1364664612,91.19501,0.03438736,1364664612719613,BID
1364664613,91.195,0.01403106,1364664613120953,BID
1364664673,91.195,0.024,1364664673830617,BID
1364664727,91.23169,0.03438736,1364664727946199,ASK
1364664728,91.2317,1.09611023,1364664728555654,ASK
1364664729,91.25889,0.34920241,1364664729037744,ASK
1364664744,91.19501,0.10418451,1364664744755777,BID
1364664744,91.195,0.05253884,1364664744869384,BID
1364664751,90.68432,0.01,1364664751201118,BID
1364664816,91.195,0.14327665,1364664816088445,ASK
1364664818,91.25889,1.45941633,1364664818053900,ASK
1364664818,91.389,0.48372076,1364664818154252,ASK
1364664846,90.68433,0.15,1364664846169137,BID
1364664848,90.68433,0.01,1364664848562190,BID
1364664861,90.99999,0.25418451,1364664861267883,ASK
1364664894,91,0.01461187,1364664894174658,ASK
1364664914,91,0.20864137,1364664914653243,ASK
1364664935,90.99999,0.74581549,1364664935632775,BID
1364664935,90.99998,0.25418451,1364664935838629,ASK
1364664935,91,0.28674676,1364664935911727,ASK
1364664959,91.38,0.5,1364664959971550,ASK
1364664960,91.39,1,1364664960037437,ASK
1364664960,91.39,0.5,1364664960107382,ASK
1364665032,91.00002,3.69628182,1364665032987088,BID
1364665033,90.75,0.1,1364665033422710,BID
1364665033,90.68431,1.10272659,1364665033589864,BID
1364665033,90.68,0.50169309,1364665033677210,BID
1364665034,90.6,0.1,1364665034071270,BID
1364665034,90.56,0.0442,1364665034134577,BID
1364665034,90.5,0.5,1364665034177002,BID
1364665034,90.45,0.5,1364665034477916,BID
1364665034,90.4,0.5,1364665034807807,BID
1364665035,90.301,0.5,1364665035247011,BID
1364665035,90.3,10,1364665035311251,BID
1364665035,90.25,11.0425,1364665035363220,BID
1364665035,90.2101,1.4125985,1364665035421031,BID
1364665063,90.79901,5,1364665063101477,BID
1364665090,90.799,0.01784184,1364665090129140,ASK
1364665109,90.799,0.5,1364665109997504,ASK
1364665121,90.799,0.19405616,1364665121365188,ASK
1364665172,90.799,0.08775333,1364665172081425,ASK
1364665185,90.50001,0.5723,1364665185329898,BID
1364665187,90.799,0.03844585,1364665187423640,ASK
1364665190,90.50001,1,1364665190097992,BID
1364665202,90.799,0.1,1364665202309083,ASK
1364665203,90.799,0.01869675,1364665203123072,ASK
1364665211,90.799,2.08641374,1364665211501432,ASK
1364665218,90.50001,0.05,1364665218624475,BID
1364665245,90.50001,0.02,1364665245650484,BID
1364665258,90.50001,1.01,1364665258985505,BID
1364665290,90.50001,1.69584091,1364665290204052,BID
1364665290,90.5,6.960666,1364665290373717,BID
1364665291,90.799,1,1364665291455241,ASK
1364665323,90.79899,0.02469,1364665323195097,ASK
1364665325,90.50002,0.01,1364665325533649,BID
1364665335,90.79899,6.42469316,1364665335656331,ASK
1364665362,90.79899,0.07960489,1364665362205452,ASK
1364665369,90.50002,0.80346855,1364665369933042,BID
1364665370,90.5,1.19653145,1364665370024334,BID
1364665374,90.79899,0.29965928,1364665374532545,ASK
1364665377,90.5,3.3,1364665377531451,BID
1364665385,90.79899,6.2157754,1364665385301218,ASK
1364665385,90.799,0.37926417,1364665385567394,ASK
1364665408,90.50001,0.01,1364665408698778,BID
1364665412,90.79899,0.03196694,1364665412313566,ASK
1364665420,90.50002,0.01,1364665420441941,BID
1364665432,90.79898,0.01558101,1364665432775299,ASK
1364665434,90.79898,0.7659206,1364665434283631,ASK
1364665434,90.799,0.63752816,1364665434365190,ASK
1364665434,91.2317,1.09611023,1364665434481805,ASK
1364665434,91.25,0.13807397,1364665434585281,ASK
1364665439,91.25,6.59503957,1364665439480263,ASK
1364665469,90.68432,0.01,1364665469130472,BID
1364665599,90.99999,0.01,1364665599116083,ASK
1364665599,91,0.00222206,1364665599215288,ASK
1364665661,90.68433,0.58912035,1364665661047876,BID
1364665683,90.99999,0.02488626,1364665683362419,ASK
1364665731,90.98999,0.49315068,1364665731680853,ASK
1364665795,90.97999,0.02191781,1364665795057959,ASK
1364665832,90.97999,0.0491656,1364665832067279,ASK
1364665832,90.98,0.2,1364665832656732,ASK
1364665832,91,0.99777794,1364665832760076,ASK
1364665832,91.3,1.91197283,1364665832832412,ASK
1364665971,90.98,2.62497821,1364665971453767,BID
1364665971,90.97999,0.23702179,1364665971524241,BID
1364665984,91.29999,0.9763,1364665984670716,ASK
1364666190,91.00003,0.36007976,1364666190942596,BID
1364666191,91.00002,0.23558428,1364666191008986,BID
1364666220,91.00002,0.5,1364666220823867,BID
1364666238,91.00002,0.23147633,1364666238434089,BID
1364666268,91.24999,2.00875797,1364666268044562,ASK
1364666268,91.3,0.86006093,1364666268151793,ASK
1364666269,91.00002,10,1364666269798954,BID
1364666271,91.28,2.08641374,1364666271271207,ASK
1364666277,91.00003,0.0132,1364666277725115,BID
1364666279,91.00003,0.03,1364666279655105,BID
1364666280,91.00003,1.88,1364666280271434,BID
1364666287,91.00003,0.08571731,1364666287997374,BID
1364666288,91.00002,0.04222649,1364666288060991,BID
1364666292,91.00002,6.1,1364666292490107,BID
1364666301,91.00002,0.05410097,1364666301878106,BID
1364666302,91.00002,1.564556,1364666302072446,BID
1364666323,91.00002,0.02659531,1364666323702944,BID
1364666331,91.24989,0.8272433,1364666331051759,ASK
1364666356,91.00002,0.01424596,1364666356328388,BID
1364666509,91,23.95726824,1364666509501085,BID
1364666511,90.97999,4.76297821,1364666511466281,BID
1364666511,90.97999,0.10991427,1364666511923208,BID
1364666513,90.8,52.3018,1364666513741550,BID
1364666513,90.79,2.6,1364666513791116,BID
1364666515,90.69,0.1981,1364666515119504,BID
1364666515,90.68431,1.10272659,1364666515425088,BID
1364666515,90.6,5,1364666515599264,BID
1364666515,90.5098,1.98348101,1364666515662883,BID
1364666515,90.5,14.36373168,1364666515828809,BID
1364666518,91.24989,1.18167401,1364666518970661,ASK
1364666519,91.2499,0.4,1364666519071554,ASK
1364666519,91.28,0.24474489,1364666519121454,ASK
1364666519,91.3,0.13993907,1364666519198547,ASK
1364666519,91.3,3.24967639,1364666519298413,ASK
1364666520,90.5,0.42212148,1364666520547306,BID
1364666521,91.3,0.20864137,1364666521405882,ASK
1364666535,90.50001,0.19347234,1364666535609692,BID
1364666552,90.50002,0.09211502,1364666552103423,BID
1364666597,90.50002,1.656,1364666597481177,BID
1364666602,90.50002,3,1364666602573938,BID
1364666605,90.50002,1.6,1364666605153884,BID
1364666626,91.21999,5.00728868,1364666626750550,ASK
1364666628,90.50001,0.01,1364666628689968,BID
1364666630,91.21999,9.8E-7,1364666630410264,ASK
1364666634,90.50001,0.01,1364666634647731,BID
1364666697,90.50001,4.96366814,1364666697907338,BID
1364666697,90.5,1.47233186,1364666697972430,BID
1364666719,90.99998,3.58408162,1364666719423897,ASK
1364666720,90.99998,2.91388422,1364666720306227,ASK
1364666720,91.22,0.1969114,1364666720388228,ASK
1364666720,91.2317,0.473286,1364666720621963,ASK
1364666784,91.2317,0.09,1364666784609001,ASK
1364666785,90.50011,0.03162882,1364666785670954,BID
1364666790,91.2317,0.53282423,1364666790666481,ASK
1364666801,91.23171,0.01733221,1364666801231400,BID
1364666808,91.23171,0.06996953,1364666808120810,BID
1364666808,91.2317,0.60717577,1364666808201836,BID
1364666809,90.50011,0.05946528,1364666809153575,ASK
1364666811,90.50011,0.08919792,1364666811053486,ASK
1364666827,90.50011,0.13379688,1364666827840860,ASK
1364666834,90.50011,0.04039462,1364666834704119,ASK
1364666937,90.68432,5.7622,1364666937395813,BID
1364666937,90.68432,0.08,1364666937926607,BID
1364666951,90.68432,2.63846941,1364666951841097,BID
1364666967,90.68432,0.2,1364666967212217,BID
1364666977,90.78469,0.8618427,1364666977007428,BID
1364666997,90.78468,5.21603436,1364666997906106,ASK
1364667003,90.78468,0.15664884,1364667003736619,ASK
1364667004,90.78468,2.84753415,1364667004097869,ASK
1364667016,90.78469,0.07,1364667016736107,BID
1364667033,91.3,0.05281352,1364667033717033,ASK
1364667048,90.7847,0.01,1364667048615924,BID
1364667064,91.27999,0.0207957,1364667064855972,ASK
1364667089,90.7847,0.1,1364667089667238,BID
1364667090,90.7847,0.11057881,1364667090973294,BID
1364667091,90.7847,1,1364667091357604,BID
1364667091,90.7847,4.557,1364667091731173,BID
1364667093,90.7847,0.47033464,1364667093624938,BID
1364667093,90.78468,0.02966536,1364667093706407,BID
1364667121,91.295,2.57,1364667121997614,ASK
1364667126,91.27999,0.03,1364667126760355,BID
1364667129,91.27999,0.81,1364667129357186,BID
1364667136,91.295,0.01039785,1364667136302426,ASK
1364667156,91.27999,0.17027192,1364667156066441,BID
1364667176,91.27998,3.15513,1364667176269086,ASK
1364667176,91,0.52566296,1364667176634158,BID
1364667188,90.99999,0.5817,1364667188937071,ASK
1364667223,90.99999,1,1364667223863794,ASK
1364667247,90.99999,0.28,1364667247255035,ASK
1364667295,90.99999,1.10001583,1364667295284866,ASK
1364667295,91,0.04751173,1364667295371416,ASK
1364667298,91,5.21593005,1364667298215658,ASK
1364667353,91,0.08370614,1364667353554451,ASK
1364667416,90.78469,0.33,1364667416079668,BID
1364667416,91,0.05097489,1364667416461558,ASK
1364667439,91,0.73024481,1364667439644909,ASK
1364667447,91,0.0200632,1364667447473398,ASK
1364667450,91,5.10002978,1364667450184695,ASK
1364667463,91,0.01495094,1364667463106816,ASK
1364667477,91,0.26596287,1364667477399496,ASK
1364667507,91,0.32724395,1364667507648937,ASK
1364667532,91,0.36512241,1364667532563076,ASK
1364667542,91,2,1364667542700422,ASK
1364667549,90.78469,0.05,1364667549092096,BID
1364667554,90.78469,0.81767075,1364667554374888,BID
1364667554,90.78468,3.15566813,1364667554451027,BID
1364667554,90.78468,0.96713236,1364667554988166,BID
1364667555,90.68431,1.06233197,1364667555094182,BID
1364667555,90.6,0.1,1364667555192935,BID
1364667555,90.55,0.1,1364667555240808,BID
1364667555,90.51,1.74387455,1364667555303551,BID
1364667558,90.99999,1.19767075,1364667558740299,ASK
1364667558,91,23.80232925,1364667558823511,ASK
1364667560,90.51001,2.1E-7,1364667560610237,BID
1364667574,91,0.56,1364667574556256,ASK
1364667576,90.51001,2.1E-7,1364667576750576,BID
1364667589,90.51001,0.3251,1364667589187137,BID
1364667614,91,2,1364667614847265,ASK
1364667620,90.51001,0.01,1364667620567802,BID
1364667624,91,0.00487703,1364667624421062,ASK
1364667634,90.51001,0.01,1364667634794576,BID
1364667666,90.51001,0.994,1364667666983000,BID
1364667763,91,0.88538999,1364667763551459,ASK
1364667763,91,2.78629235,1364667763611181,ASK
1364667763,91.0012,0.4,1364667763659759,ASK
1364667763,91.2317,1.09611023,1364667763833908,ASK
1364667763,91.295,17.41960215,1364667763948949,ASK
1364667764,91.3,16.48886872,1364667764045457,ASK
1364667764,91.3,0.01551097,1364667764090947,ASK
1364667764,91.38,0.3194,1364667764150765,ASK
1364667764,91.388,1,1364667764197821,ASK
1364667764,91.39,3,1364667764271889,ASK
1364667764,91.39,5.2,1364667764344963,ASK
1364667764,91.39988,0.05124028,1364667764410950,ASK
1364667764,91.39988,0.05234298,1364667764454959,ASK
1364667764,91.39988,0.05036128,1364667764496042,ASK
1364667764,91.39988,0.04599156,1364667764533847,ASK
1364667764,91.39988,0.05231539,1364667764572643,ASK
1364667764,91.39988,0.04882997,1364667764617118,ASK
1364667764,91.39988,0.05410757,1364667764657612,ASK
1364667764,91.39999,0.04829578,1364667764705389,ASK
1364667764,91.39999,0.05270323,1364667764742848,ASK
1364667764,91.39999,0.04735235,1364667764782815,ASK
1364667764,91.4,16.15896459,1364667764846134,ASK
1364667764,91.4,5.02621422,1364667764902882,ASK
1364667764,91.4,0.08968716,1364667764941784,ASK
1364667764,91.43134,4,1364667764991232,ASK
1364667765,91.44,0.5,1364667765034074,ASK
1364667765,91.45,2,1364667765083388,ASK
1364667765,91.459,12.76466351,1364667765150687,ASK
1364667767,90.51001,0.01,1364667767131900,BID
1364667803,91.45899,1.3191,1364667803572448,ASK
1364667803,91.459,3.89672575,1364667803746687,ASK
1364667836,90.68433,0.1,1364667836179268,BID
1364667937,91.24999,0.02197802,1364667937481787,ASK
1364667972,91.24999,0.07802198,1364667972679796,ASK
1364667972,91.24999,2.19305,1364667972767779,ASK
1364667982,91.24999,0.72892802,1364667982479249,BID
1364667982,91,0.06921945,1364667982540363,BID
1364667982,90.68431,0.20185253,1364667982665785,BID
1364667999,90.68432,0.00589117,1364667999328842,BID
1364668066,90.68432,0.019,1364668066609265,BID
1364668103,91.25,0.024353,1364668103033891,ASK
1364668103,91.3,1,1364668103116163,ASK
1364668103,91.459,0.22614029,1364668103201851,ASK
1364668158,91.459,3.66541321,1364668158273881,ASK
1364668285,91.459,2.73346526,1364668285703953,ASK
1364668311,91.458,0.01,1364668311828314,ASK
1364668320,90.68434,0.01,1364668320633131,BID
1364668337,90.68434,0.0668344,1364668337379186,BID
1364668343,91.45,0.01,1364668343761951,BID
1364668373,90.68434,0.43222257,1364668373944148,BID
1364668377,91.45799,0.08172557,1364668377498757,ASK
1364668377,91.458,0.46487443,1364668377592449,ASK
1364668411,91.45,0.01,1364668411542559,BID
1364668466,90.68434,0.16990005,1364668466364654,BID
1364668481,90.68434,0.06127764,1364668481609257,BID
1364668512,90.68434,14.76611814,1364668512117222,BID
1364668512,90.68433,0.05797567,1364668512198413,BID
1364668512,90.68433,0.05753344,1364668512239886,BID
1364668512,90.68433,0.05527361,1364668512280108,BID
1364668512,90.68431,0.90087406,1364668512379571,BID
1364668512,90.5499,0.8,1364668512453737,BID
1364668512,90.51,1.01862508,1364668512497110,BID
1364668513,91.45799,0.42222257,1364668513022039,ASK
1364668513,91.458,0.52512557,1364668513097884,ASK
1364668513,91.45899,0.1,1364668513148482,ASK
1364668513,91.459,1.30895186,1364668513210615,ASK
1364668513,90.51,0.01,1364668513454219,BID
1364668513,90.51001,0.05,1364668513627896,BID
1364668514,90.51001,0.01,1364668514531595,BID
1364668529,90.68434,0.02667431,1364668529233896,BID
1364668544,90.68434,0.01822252,1364668544425553,BID
1364668554,91.45899,0.83980809,1364668554340817,ASK
1364668557,91.45899,0.00027586,1364668557826714,ASK
1364668594,90.68434,0.05571076,1364668594531739,ASK
1364668618,90.68434,5.29309,1364668618315491,ASK
1364668646,90.68434,1.0005,1364668646296913,ASK
1364668663,90.68434,0.05462957,1364668663197794,ASK
1364668684,90.68434,1.1027,1364668684708814,ASK
1364668732,90.68434,0.05787797,1364668732634778,ASK
1364668761,90.68434,1.4854917,1364668761435229,ASK
1364668761,91.00001,1,1364668761573533,ASK
1364668761,91.2317,1.09611023,1364668761792375,ASK
1364668761,91.45899,0.05433583,1364668761921996,ASK
1364668761,91.45899,0.05015737,1364668761975310,ASK
1364668762,91.45899,0.05006669,1364668762012710,ASK
1364668762,91.459,0.0615596,1364668762060616,ASK
1364668770,90.68501,1.0071,1364668770213199,BID
1364668800,90.68501,0.16290141,1364668800531467,BID
1364668800,90.685,0.82788072,1364668800720085,BID
1364668957,91.45899,0.0439119,1364668957702534,ASK
1364669034,90.68501,0.05507435,1364669034586777,BID
1364669034,90.68501,0.05839138,1364669034639189,BID
1364669034,90.685,0.13653427,1364669034693892,BID
1364669057,91.45899,1.97994772,1364669057608887,ASK
1364669100,90.68502,1.42932579,1364669100634467,BID
1364669101,91.4,1.40963599,1364669101481709,BID
1364669119,91.39999,13.4279403,1364669119631339,ASK
1364669119,91.45898,0.04898232,1364669119872962,ASK
1364669119,91.459,0.25523098,1364669119922903,ASK
1364669120,91.45999,1.32269761,1364669120079020,ASK
1364669120,91.46,0.25254879,1364669120155992,ASK
1364669175,90.68502,15.47466689,1364669175052414,BID
1364669175,90.68501,0.05792925,1364669175170705,BID
1364669175,90.68501,0.05298544,1364669175226490,BID
1364669175,90.68434,0.05648603,1364669175277940,BID
