btce48h_3003.txt
btce
1364636901714
1364809700542
1364627963,88.71,0.109769,997269,BID
1364627999,88.71,0.109769,997304,BID
1364628106,88.98,0.11,997317,ASK
1364628164,88.98,1.39,997339,ASK
1364628180,88.983,0.662961,997343,ASK
1364628216,88.99,0.949,997357,ASK
1364628661,88.99,3,997435,ASK
1364628702,88.73,0.598,997449,BID
1364628702,88.721,0.663589,997450,BID
1364628702,88.72,0.0584113,997451,BID
1364628725,88.72,0.11382,997461,BID
1364629043,88.72,4,997535,BID
1364629354,88.99,1,997571,ASK
1364629357,88.99,0.183383,997572,ASK
1364629939,88.73,0.103725,997678,BID
1364629986,88.99,0.5,997682,ASK
1364630466,88.73,0.700561,997755,BID
1364630466,88.73,0.447715,997756,BID
1364630649,88.721,0.52,997802,BID
1364630720,88.73,0.353836,997819,ASK
1364631003,88.721,0.717276,997850,BID
1364631003,88.72,2.66344,997851,BID
1364631202,88.725,0.1,997874,ASK
1364631208,88.725,1E-8,997884,ASK
1364631208,88.73,0.793525,997885,ASK
1364631235,88.73,0.1,997888,ASK
1364631307,88.73,0.502114,997894,ASK
1364631311,88.73,0.13111,997897,ASK
1364631339,88.73,5,997902,ASK
1364631639,88.72,1.16432,997927,BID
1364631639,88.62,1.359,997928,BID
1364631639,88.61,1,997929,BID
1364631639,88.61,0.1,997930,BID
1364631639,88.548,0.13679,997931,BID
1364631639,88.502,0.17747,997932,BID
1364631639,88.501,1.93918,997933,BID
1364631639,88.426,0.685459,997934,BID
1364631639,88,4.49777,997935,BID
1364631645,88.73,0.110292,997936,ASK
1364631740,88.709,0.161051,997973,ASK
1364631919,88.701,2,997990,ASK
1364631942,88.1,1.14904,997994,BID
1364632118,88.111,6.44,998019,BID
1364632374,88.723,0.149165,998115,ASK
1364632376,88.723,0.0279546,998121,ASK
1364632376,88.724,0.582132,998123,ASK
1364632376,88.724,0.027955,998124,ASK
1364632376,88.728,0.21805,998125,ASK
1364632376,88.728,0.0279554,998130,ASK
1364632376,88.73,0.985908,998131,ASK
1364632376,88.73,0.0279561,998132,ASK
1364632376,88.799,0.79217,998133,ASK
1364632376,88.799,0.0279565,998134,ASK
1364632376,88.989,1.70828,998135,ASK
1364632533,88.966,4.80104,998165,ASK
1364632533,88.967,0.976815,998166,ASK
1364632534,88.989,0.400866,998169,ASK
1364632543,88.982,0.302723,998172,ASK
1364632560,88.982,4.49831,998175,ASK
1364632561,88.118,0.15,998177,BID
1364632561,88.117,0.023746,998178,BID
1364632562,88.117,0.554085,998183,BID
1364632565,88.981,1.9,998188,ASK
1364632580,88.98,0.1497,998193,ASK
1364632580,88.981,0.337664,998194,ASK
1364632650,88.98,0.13031,998208,BID
1364632677,88.988,0.25,998213,ASK
1364632780,88.989,0.302723,998226,ASK
1364632780,88.989,1.19924,998227,ASK
1364632781,88.989,0.0496722,998230,ASK
1364632820,88.989,0.0809577,998231,BID
1364632914,88.988,0.21236,998269,ASK
1364632914,88.989,0.539058,998270,ASK
1364632914,88.99,3.46762,998271,ASK
1364632914,88.99,3.32533,998272,ASK
1364632932,88.893,0.15,998273,ASK
1364632934,88.893,0.15,998274,ASK
1364632939,88.893,0.0266757,998275,ASK
1364632940,88.97,0.1,998276,ASK
1364632940,89,0.05,998277,ASK
1364632941,89,0.14054,998278,ASK
1364632941,89,0.00946,998279,ASK
1364633008,88.893,0.123324,998285,BID
1364633088,89,0.09154,998303,ASK
1364633088,89,0.0782297,998305,ASK
1364633190,88.893,4E-7,998311,BID
1364633190,88.302,0.59,998312,BID
1364633239,88.72,2,998314,ASK
1364633260,88.99,0.1,998316,ASK
1364633261,88.99,0.451607,998317,BID
1364633263,88.98,0.105976,998318,ASK
1364633452,88.363,2.65,998340,BID
1364633826,88.947,0.1725,998382,ASK
1364633847,88.947,0.149032,998399,ASK
1364633848,88.947,0.149129,998404,ASK
1364633850,88.947,0.386299,998410,ASK
1364633905,88.909,0.49,998415,ASK
1364634039,88.51,0.5,998437,ASK
1364634080,88.8,0.15,998445,ASK
1364634084,88.8,0.15,998446,ASK
1364634091,88.8,0.15,998447,ASK
1364634096,88.8,0.05,998448,ASK
1364634234,88.999,0.498603,998505,ASK
1364634266,88.999,0.163659,998512,ASK
1364634289,88.999,0.387341,998514,BID
1364634308,88.999,3.1E-7,998516,BID
1364634590,89,0.0317703,998589,ASK
1364634590,89,1.05566,998590,ASK
1364634632,89,0.86,998627,ASK
1364634888,89,0.489985,998668,ASK
1364634902,88.8,0.1,998687,BID
1364634911,88.8,0.15,998688,ASK
1364634920,88.8,0.15,998689,ASK
1364634921,88.8,0.15,998690,ASK
1364634929,88.8,0.15,998691,ASK
1364634933,88.8,0.15,998696,ASK
1364634936,88.8,0.15,998697,ASK
1364634940,88.8,0.15,998698,ASK
1364634945,88.8,0.15,998699,ASK
1364634949,88.8,0.15,998700,ASK
1364634951,88.8,0.15,998701,ASK
1364634959,88.8,0.15,998704,ASK
1364634964,88.8,0.15,998705,ASK
1364635055,88.8,0.1,998731,ASK
1364635179,88.8,0.1,998762,BID
1364635207,88.8,0.207388,998764,BID
1364635233,89,0.163531,998773,ASK
1364635362,88.99,0.13027,998805,ASK
1364635819,88.52,0.108902,998908,BID
1364635952,88.99,0.1,998934,ASK
1364636102,88.99,0.1,998941,ASK
1364636162,88.55,0.1,998951,BID
1364636368,88.99,0.971858,998974,ASK
1364636368,88.99,1.14675,998975,ASK
1364636434,89,0.955827,999003,ASK
1364636455,88.6,0.723119,999006,BID
1364636455,88.57,0.208,999007,BID
1364636455,88.55,0.368881,999008,BID
1364636549,89,6E-8,999019,ASK
1364636549,89.065,0.1,999020,ASK
1364636549,89.065,0.1,999021,ASK
1364636549,89.065,0.1,999022,ASK
1364636549,89.065,0.1,999023,ASK
1364636549,89.065,0.0999999,999024,ASK
1364636604,89.065,1.3E-7,999032,ASK
1364636604,89.075,0.1,999033,ASK
1364636604,89.075,0.1,999034,ASK
1364636604,89.075,0.1,999035,ASK
1364636604,89.075,0.1,999036,ASK
1364636604,89.075,0.0699999,999037,ASK
1364636962,88.56,0.12425,999102,BID
1364637046,88.56,0.45575,999117,BID
1364637253,88.56,0.3,999135,ASK
1364637341,88.56,0.1,999141,ASK
1364637356,88.55,0.106048,999142,BID
1364637361,88.54,0.679927,999143,BID
1364637372,88.56,0.1,999147,ASK
1364637372,88.529,0.930125,999148,BID
1364637517,88.41,0.33,999154,BID
1364637702,88.377,0.100798,999161,BID
1364637994,88.41,0.9905,999184,ASK
1364637994,88.56,4.5695,999185,ASK
1364638092,88.56,0.1,999191,ASK
1364638411,88.4,0.101206,999224,BID
1364638441,88.56,5.78173,999226,ASK
1364638815,88.56,0.590598,999256,ASK
1364638965,88.377,0.299202,999263,BID
1364638965,88.27,2.00418,999264,BID
1364638965,88.27,1.515,999265,BID
1364639166,88.54,0.6168,999278,ASK
1364639192,88.54,0.1432,999279,BID
1364639411,88.5,0.1,999288,ASK
1364639491,88.251,0.17677,999293,BID
1364639805,88.202,0.223229,999409,BID
1364639805,88.201,0.613071,999410,BID
1364639836,88.201,0.316929,999435,BID
1364639874,88.2,0.112941,999512,BID
1364639874,88.2,0.113038,999513,BID
1364639875,88.2,0.101,999515,BID
1364639876,88.2,0.101,999518,BID
1364639884,88.2,0.609,999523,BID
1364639922,88.2,0.1258,999532,BID
1364639973,88.251,0.2232,999535,ASK
1364639977,88.2,1.75722,999538,BID
1364640408,88.093,0.422994,999596,BID
1364640625,88.1,0.101,999651,BID
1364640626,88.1,0.11,999708,BID
1364640626,88.1,0.101,999710,BID
1364640627,88.1,0.154664,999722,BID
1364640628,88.1,0.6823,999726,BID
1364640629,88.1,0.101,999729,BID
1364640629,88.1,0.750036,999735,BID
1364640631,88.093,0.000006,999744,BID
1364640631,88.02,1.59999,999745,BID
1364640631,88.02,0.000006,999746,BID
1364640631,88.01,4.42559,999747,BID
1364640635,88.01,0.270353,999762,BID
1364640635,88.01,0.101,999768,BID
1364640635,88.01,0.203053,999769,BID
1364640635,88.001,1.17071,999770,BID
1364640637,88.001,1.0227,999774,BID
1364640637,88.001,0.0808672,999775,BID
1364640637,88,0.502227,999776,BID
1364640637,88,0.275315,999777,BID
1364640637,88,0.101,999778,BID
1364640637,87.971,0.123539,999779,BID
1364640637,87.937,0.138346,999780,BID
1364640637,87.5,0.140907,999781,BID
1364640637,88.01,0.1004,999782,ASK
1364640639,87.5,1.74975,999792,BID
1364640639,87.25,0.29769,999793,BID
1364640639,87.25,0.376496,999795,BID
1364640640,87.25,0.29769,999797,ASK
1364640640,87.5,0.1003,999799,ASK
1364640641,87.5,0.0007,999808,ASK
1364640641,87.5,0.100999,999809,ASK
1364640642,87.251,0.123291,999813,BID
1364640643,87.251,4.75418,999817,BID
1364640643,87.23,0.29769,999819,BID
1364640648,87.15,0.1003,999830,BID
1364640648,87,0.2098,999831,BID
1364640649,87.25,0.1004,999834,ASK
1364640655,87.251,0.101,999841,ASK
1364640655,87.251,0.101,999842,ASK
1364640655,87.251,0.3094,999843,ASK
1364640660,87.5,6.9E-7,999844,ASK
1364640660,87.5,0.307899,999845,ASK
1364640660,87.5,0.00060069,999846,ASK
1364640663,87.719,0.3071,999848,ASK
1364640689,87.719,0.512816,999870,ASK
1364640728,87.719,0.11,999882,BID
1364640741,87.719,0.164512,999889,BID
1364640816,87.719,0.238304,999913,BID
1364640891,87.6,2,999933,BID
1364640938,87.5,0.0997993,999937,BID
1364640938,87.252,0.172336,999938,BID
1364640938,87.15,0.1003,999939,BID
1364640938,87.004,0.0719104,999940,BID
1364641031,87.715,1.55641,999957,ASK
1364641098,87.366,8.79797,999971,BID
1364641103,87.366,3.40383,999974,ASK
1364641173,87.366,0.1,999991,ASK
1364641195,87.366,15.0182,999994,ASK
1364641239,87.7,0.1,1000012,BID
1364641311,87.7,0.01,1000022,ASK
1364641311,87.719,0.143205,1000023,ASK
1364641311,87.719,0.109494,1000024,ASK
1364642047,87.365,0.14982,1000195,BID
1364642068,87.365,0.15663,1000196,BID
1364642068,87.364,0.00002,1000197,BID
1364642188,87.364,0.10028,1000215,BID
1364642194,87.364,0.1,1000217,ASK
1364642221,87.364,0.14972,1000226,ASK
1364642530,87.877,0.82,1000289,ASK
1364642749,87.365,0.104522,1000323,ASK
1364642872,87.343,0.106047,1000336,BID
1364642883,87.343,0.722948,1000338,BID
1364642883,87.343,1,1000339,BID
1364642887,87.343,0.11449,1000340,ASK
1364642972,87.343,0.1,1000354,ASK
1364643160,87.343,0.11449,1000384,ASK
1364643163,87.343,0.11449,1000388,ASK
1364643213,87.342,0.13723,1000398,BID
1364643216,87.342,0.00000398,1000399,BID
1364643217,87.342,0.099996,1000402,ASK
1364643217,87.343,0.04626,1000403,ASK
1364643287,87.28,0.5,1000429,BID
1364643287,87.278,0.514068,1000430,BID
1364643303,87.2,0.1,1000433,BID
1364643303,87.2,3,1000434,BID
1364643303,87.1,0.1,1000435,BID
1364643347,87.017,2.55886,1000455,BID
1364643361,87.016,0.1003,1000463,BID
1364643361,87.016,0.1003,1000464,BID
1364643361,87.016,0.1003,1000465,BID
1364643361,87.016,0.1003,1000466,BID
1364643361,87.016,0.1003,1000467,BID
1364643361,87.016,0.1003,1000468,BID
1364643361,87.016,0.1003,1000469,BID
1364643361,87.016,0.1003,1000470,BID
1364643361,87.016,0.1003,1000471,BID
1364643361,87.016,0.1003,1000472,BID
1364643361,87.016,0.1003,1000473,BID
1364643361,87.016,0.1003,1000474,BID
1364643361,87.016,0.1003,1000475,BID
1364643361,87.016,0.1003,1000476,BID
1364643469,87.343,0.85,1000493,ASK
1364643760,87.011,1.27952,1000548,BID
1364643780,87.011,0.114928,1000562,ASK
1364643782,87.011,0.114928,1000563,ASK
1364643796,87.011,0.114928,1000571,ASK
1364643813,87.011,0.385691,1000572,ASK
1364643846,87.011,0.254071,1000580,BID
1364643846,87.011,0.114928,1000581,BID
1364643846,87.01,0.11,1000582,BID
1364643846,87.01,0.5,1000583,BID
1364643846,87.01,5,1000584,BID
1364643846,87.001,1,1000585,BID
1364643846,87,4.7902,1000586,BID
1364643846,87,1.87126,1000587,BID
1364643846,87,0.143079,1000588,BID
1364643846,87,0.128771,1000589,BID
1364643846,87,0.1,1000590,BID
1364643846,86.994,0.1003,1000591,BID
1364643846,86.994,0.1003,1000592,BID
1364643846,86.994,0.1003,1000593,BID
1364643846,86.994,0.1003,1000594,BID
1364643846,86.994,0.1003,1000595,BID
1364643846,86.994,0.1003,1000596,BID
1364643846,86.994,0.1003,1000597,BID
1364643846,86.902,0.1003,1000598,BID
1364643846,86.893,0.1,1000599,BID
1364643846,86.8,2.3139,1000600,BID
1364643846,86.729,0.123789,1000601,BID
1364643846,86.5,0.1,1000602,BID
1364643846,86.5,0.144933,1000603,BID
1364643846,86.461,0.1,1000604,BID
1364643846,86.3,1.5,1000605,BID
1364643846,86.18,2,1000606,BID
1364643846,86.111,0.122142,1000607,BID
1364643846,86.031,0.1,1000608,BID
1364643846,86.02,4,1000609,BID
1364643846,86.01,0.52935,1000610,BID
1364643846,86.002,0.207662,1000611,BID
1364643846,86.001,0.101,1000612,BID
1364643846,86.001,1.88488,1000613,BID
1364643846,86,4,1000614,BID
1364643846,86,5,1000615,BID
1364643846,86,0.740117,1000616,BID
1364643846,86,0.309266,1000617,BID
1364643846,86,0.1,1000618,BID
1364643846,86,4.22497,1000619,BID
1364643848,86.001,0.123542,1000620,BID
1364643937,87.362,0.123295,1000622,ASK
1364644018,87.363,0.821583,1000639,ASK
1364644019,87.363,0.246474,1000640,BID
1364644054,87.365,0.073078,1000656,ASK
1364644078,87.365,0.2,1000664,BID
1364644087,87.868,3.95082,1000665,ASK
1364644088,87.868,4.39737,1000666,BID
1364644089,87.868,3.27794,1000667,BID
1364644090,87.868,0.20526,1000668,BID
1364644104,87.868,2.03335,1000682,BID
1364644119,87.868,0.11,1000685,BID
1364644123,87.868,1.89,1000688,BID
1364644570,87.868,0.1,1000823,ASK
1364644595,87.867,0.101115,1000824,ASK
1364644866,87.867,5.36004,1000858,ASK
1364644866,87.868,0.27,1000859,ASK
1364644866,87.868,4.99,1000860,ASK
1364644866,87.873,0.149421,1000861,ASK
1364644866,87.88,0.495,1000862,ASK
1364644910,87.88,0.56,1000867,ASK
1364644921,87.522,0.15,1000876,BID
1364645307,87.522,2,1000949,BID
1364645435,87.895,3.60679,1001003,ASK
1364645439,87.895,1.0151,1001006,ASK
1364645441,87.895,0.00000201,1001016,ASK
1364645464,87.926,0.15048,1001020,ASK
1364645635,87.54,0.1,1001048,BID
1364645639,87.54,2.79294,1001049,ASK
1364645666,87.54,0.114233,1001057,ASK
1364645677,87.54,0.196927,1001062,ASK
1364645689,87.54,0.114233,1001069,ASK
1364645714,87.54,0.114233,1001077,ASK
1364645736,87.54,0.114233,1001088,ASK
1364645763,87.54,0.114233,1001095,ASK
1364645787,87.54,5.19897,1001100,ASK
1364645897,87.975,0.620645,1001131,ASK
1364645897,88,0.115284,1001132,ASK
1364645897,88,0.115031,1001133,ASK
1364645897,88,0.233,1001134,ASK
1364645897,88.01,0.154269,1001135,ASK
1364645897,88.1,0.101,1001136,ASK
1364645897,88.251,0.00003,1001137,ASK
1364645897,88.399,2.71906,1001138,ASK
1364645897,88.4,0.641684,1001139,ASK
1364645978,88,0.108,1001146,BID
1364646001,88,0.444273,1001155,BID
1364646431,88.3,0.27502,1001212,ASK
1364646553,88,0.0000058,1001217,BID
1364646553,88,0.56,1001218,BID
1364646744,88,1.42999,1001233,ASK
1364647132,87.633,4.41796,1001321,BID
1364647132,87.632,2.0472,1001322,BID
1364647311,87.634,0.20631,1001346,BID
1364647311,87.633,0.56,1001347,BID
1364647311,87.633,0.306973,1001348,BID
1364647329,87.633,1.35124,1001350,ASK
1364647565,88.164,0.2,1001373,ASK
1364648582,87.579,0.109,1001456,BID
1364648699,87.579,0.0762788,1001473,BID
1364648699,87.517,0.1003,1001474,BID
1364648699,87.517,0.1003,1001475,BID
1364648699,87.517,0.299045,1001476,BID
1364648781,87.578,0.116816,1001492,BID
1364648880,87.578,0.613184,1001508,BID
1364648884,87.578,6E-8,1001509,BID
1364648887,87.517,0.0762788,1001512,BID
1364648934,87.501,0.296898,1001517,ASK
1364648934,87.502,7.78844,1001518,ASK
1364648934,87.517,0.0337212,1001519,ASK
1364648938,87.517,0.0450469,1001522,BID
1364649266,87.166,0.87161,1001623,BID
1364649412,87.515,0.398999,1001669,ASK
1364649412,87.515,0.00000101,1001674,ASK
1364649412,87.517,0.0649531,1001680,ASK
1364649412,87.578,0.0450459,1001681,ASK
1364649412,87.578,0.064954,1001683,ASK
1364649412,87.579,0.0450459,1001684,ASK
1364649412,87.579,0.0649541,1001685,ASK
1364649412,88.299,2.84531,1001686,ASK
1364649934,87.947,0.1003,1001775,BID
1364649934,87.947,0.2897,1001777,BID
1364649939,87.946,0.1003,1001780,BID
1364649951,87.946,7E-8,1001782,BID
1364650062,87.637,0.153925,1001801,BID
1364650067,87.637,0.153971,1001804,BID
1364650070,87.637,0.154017,1001807,BID
1364650076,87.637,0.148087,1001810,BID
1364650076,87.636,0.00597621,1001811,BID
1364650077,87.636,0.142124,1001814,BID
1364650082,87.592,0.1003,1001822,BID
1364650091,87.592,6E-8,1001827,BID
1364650091,87.591,0.1003,1001829,BID
1364650091,87.591,0.1003,1001830,BID
1364650091,87.591,0.1003,1001831,BID
1364650091,87.591,0.1003,1001832,BID
1364650091,87.591,0.1003,1001833,BID
1364650091,87.591,0.1003,1001834,BID
1364650091,87.591,0.1003,1001835,BID
1364650101,87.591,1.3E-7,1001843,BID
1364650101,87.456,0.151515,1001844,BID
1364650113,87.454,0.319206,1001852,BID
1364650120,87.454,0.151545,1001858,BID
1364650121,87.454,0.272019,1001861,BID
1364650172,87.454,0.1,1001911,ASK
1364650240,87.454,0.0363407,1001932,ASK
1364650240,87.454,0.423559,1001933,ASK
1364650240,87.454,0.148087,1001934,ASK
1364650261,87.165,0.1003,1001938,BID
1364650261,87.165,0.00089193,1001939,BID
1364650327,87.165,0.0994081,1001957,BID
1364650327,87.165,0.1003,1001958,BID
1364650327,87.165,0.1003,1001959,BID
1364650327,87.165,0.1003,1001960,BID
1364650327,87.165,0.1003,1001961,BID
1364650327,87.165,0.1003,1001962,BID
1364650327,87.165,0.0998619,1001963,BID
1364650381,87.165,0.00043814,1001968,BID
1364650381,87.164,0.1003,1001970,BID
1364650381,87.164,0.1003,1001971,BID
1364650381,87.164,0.1003,1001972,BID
1364650381,87.164,0.1003,1001973,BID
1364650381,87.164,0.1003,1001974,BID
1364650381,87.164,0.1003,1001975,BID
1364650381,87.164,0.1003,1001976,BID
1364650381,87.164,0.1003,1001977,BID
1364650381,87.164,0.0414648,1001978,BID
1364650383,87.164,0.0588352,1001981,BID
1364650383,87.164,0.1003,1001982,BID
1364650383,87.164,0.100295,1001983,BID
1364650385,87.164,0.00000526,1001985,BID
1364650385,87.021,3.25432,1001987,BID
1364650385,87.021,0.00000533,1001989,BID
1364650385,87.02,0.285617,1001990,BID
1364650429,87.022,1.62714,1001995,BID
1364650429,87.021,9.24534,1001996,BID
1364650429,87.02,0.214383,1001997,BID
1364650429,87.016,0.1003,1001998,BID
1364650429,87.016,0.1003,1001999,BID
1364650429,87.016,0.1003,1002000,BID
1364650430,87.016,0.1003,1002001,BID
1364650430,87.015,0.1003,1002002,BID
1364650430,87.002,5,1002003,BID
1364650430,87.001,0.21,1002004,BID
1364650430,87,5.44122,1002005,BID
1364650575,87.443,4.55888,1002098,ASK
1364650951,87.011,0.231486,1002299,BID
1364651030,87.443,0.00000862,1002349,ASK
1364651030,87.448,0.149791,1002350,ASK
1364651363,87.015,0.213666,1002445,BID
1364651772,87.012,0.95,1002727,BID
1364651773,87.012,0.7,1002728,BID
1364651811,87.25,0.2521,1002749,ASK
1364651972,87.201,0.811696,1002769,BID
1364652045,87.201,0.188304,1002822,ASK
1364652121,87.202,0.405842,1002871,BID
1364652121,87.201,0.0333579,1002872,BID
1364652124,87.201,0.9043,1002873,BID
1364652277,87.201,0.360038,1002941,BID
1364652278,87.201,7E-8,1002943,BID
1364652278,87.2,1.91141,1002944,BID
1364652284,87.2,0.11,1002951,BID
1364652285,87.2,2.97859,1002957,BID
1364652300,87.2,0.11,1002988,ASK
1364652311,87.2,3.08859,1002990,ASK
1364652316,87.2,1.91141,1002997,BID
1364652317,87.2,6.9E-7,1002999,BID
1364652323,87.013,0.11,1003001,BID
1364652323,87.013,0.254361,1003003,BID
1364652328,87.013,0.116352,1003011,BID
1364652330,87.013,0.106331,1003014,BID
1364652332,87.013,0.11,1003018,BID
1364652332,87.013,1.36791,1003019,BID
1364652332,87.013,0.00204289,1003021,BID
1364652333,87.012,1.36791,1003023,BID
1364652333,87.001,1.15169,1003025,BID
1364652334,87.001,3.84831,1003031,BID
1364652334,87.001,1.54387,1003032,BID
1364652334,87.001,0.116262,1003038,BID
1364652335,87.001,0.116354,1003041,BID
1364652335,87.001,0.11,1003042,BID
1364652336,87.001,3.0737,1003046,BID
1364652338,87.001,0.11,1003061,BID
1364652361,87.013,0.102308,1003109,ASK
1364652379,87.2,1.47791,1003114,ASK
1364652379,87.201,0.11,1003115,ASK
1364652379,87.201,0.115313,1003116,ASK
1364652445,87.201,0.114966,1003171,BID
1364652445,87.201,0.114966,1003172,BID
1364652450,87.286,0.6795,1003173,ASK
1364652452,87.201,3.05242,1003182,BID
1364652452,87.201,0.0144216,1003185,BID
1364652452,87.005,0.988514,1003186,BID
1364652452,87.005,0.0144217,1003187,BID
1364652452,87.001,1.40689,1003188,BID
1364652454,87.001,4.08793,1003190,BID
1364652454,87.001,7E-8,1003192,BID
1364652454,87,1.42083,1003193,BID
1364652456,87,3.13795,1003200,BID
1364652456,87,2.37643,1003201,BID
1364652458,87,0.623566,1003203,BID
1364652458,87,4.87256,1003204,BID
1364652519,87.2,2.27807,1003241,BID
1364652564,87.2,2.72193,1003270,BID
1364652567,87.2,0.000004,1003271,BID
1364652585,87.2,5,1003280,BID
1364652780,87.455,1.1,1003337,ASK
1364652891,87.2,5,1003365,BID
1364652891,87.2,9.2,1003366,BID
1364652907,87,0.237675,1003368,BID
1364652910,87,5,1003369,BID
1364652967,87.455,0.628949,1003386,ASK
1364653205,87.455,1.33789,1003450,ASK
1364653206,87.456,0.114745,1003451,ASK
1364653206,87.466,0.20402,1003452,ASK
1364653414,87.2,0.58,1003495,BID
1364653619,87.498,3.95542,1003562,ASK
1364653675,87.008,2,1003595,BID
1364653818,87.014,0.992361,1003646,BID
1364653834,87.014,0.106781,1003677,BID
1364653862,87.014,0.908151,1003701,BID
1364653862,87.014,0.103147,1003702,BID
1364653887,87.014,0.116506,1003724,BID
1364653891,87.014,0.116638,1003728,BID
1364653892,87.014,0.116736,1003732,BID
1364653892,87.014,0.454291,1003734,BID
1364653900,87.014,0.115536,1003758,BID
1364653916,87.014,2.57402,1003799,BID
1364653916,87.014,0.2,1003801,BID
1364653916,87.014,6E-8,1003802,BID
1364653916,87.009,0.805252,1003803,BID
1364653924,87.009,0.102907,1003814,BID
1364653937,87.009,0.117376,1003828,BID
1364653939,87.009,1.03491,1003834,BID
1364653940,87.009,0.143049,1003837,BID
1364653943,87.009,0.0607743,1003842,BID
1364653949,87.001,0.935413,1003854,BID
1364653952,87.001,0.250664,1003864,BID
1364653954,87.001,0.11096,1003882,BID
1364653956,87.001,0.9001,1003884,BID
1364653956,87.001,5.62923,1003886,BID
1364653958,87.001,0.110715,1003894,BID
1364653958,87.001,5.65455,1003897,BID
1364653962,87.001,5.72209,1003918,BID
1364653964,87.001,0.686279,1003923,BID
1364653964,87.001,6E-8,1003925,BID
1364653964,87,5.06155,1003926,BID
1364653968,87,5.34438,1003941,BID
1364653970,87,5.8226,1003951,BID
1364653970,87,2.05572,1003952,BID
1364653972,87,5.84873,1003954,BID
1364653976,87,0.111683,1003965,BID
1364653978,87,0.454085,1003970,BID
1364653979,87,0.111194,1003972,BID
1364653982,87,0.2488,1003983,BID
1364653982,87,6.19599,1003984,BID
1364653983,87,0.318616,1003995,BID
1364653984,87,0.9002,1003997,BID
1364653984,87,5.87049,1004001,BID
1364653988,87,1.55299,1004014,BID
1364653988,87,1.57373,1004016,BID
1364653989,87,0.111194,1004017,BID
1364653989,87,0.6625,1004018,BID
1364654000,87,0.359178,1004033,BID
1364654002,87,0.9001,1004034,BID
1364654004,87,3.35476,1004036,BID
1364654006,87,0.108018,1004038,BID
1364654006,87,0.108976,1004041,BID
1364654013,87,0.363352,1004054,BID
1364654016,87,0.4591,1004069,BID
1364654016,87,0.9452,1004071,BID
1364654016,87,5.99806,1004073,BID
1364654017,87,0.111927,1004076,BID
1364654017,87,0.9002,1004077,BID
1364654018,87,3.77716,1004080,BID
1364654018,87,4.62011,1004083,BID
1364654024,87,0.110339,1004094,BID
1364654024,87,3.96507,1004100,BID
1364654026,87,0.554175,1004112,BID
1364654029,87,0.115307,1004114,BID
1364654030,87,0.498728,1004117,BID
1364654039,87,0.422721,1004130,BID
1364654039,87,0.110339,1004132,BID
1364654040,87,4.47559,1004133,BID
1364654042,87,6.32682,1004134,BID
1364654044,87,6.28395,1004141,BID
1364654046,87,0.550269,1004146,BID
1364654050,87,6.40982,1004160,BID
1364654052,87,6.53807,1004167,BID
1364654054,87,6.6689,1004176,BID
1364654054,87,0.560097,1004177,BID
1364654055,87,0.116328,1004179,BID
1364654056,87,0.112416,1004183,BID
1364654057,87,6.80234,1004187,BID
1364654057,87,0.762755,1004192,BID
1364654057,87.001,0.11569,1004194,ASK
1364654057,87.009,0.0553,1004195,ASK
1364654057,87.009,0.117625,1004196,ASK
1364654057,87.009,0.1106,1004197,ASK
1364654058,87,6.93845,1004201,BID
1364654059,87,0.6896,1004202,BID
1364654059,87,6.17724,1004204,BID
1364654061,87,0.5177,1004207,BID
1364654062,87,4.36064,1004218,BID
1364654065,87,0.6897,1004220,BID
1364654066,87.014,0.115253,1004221,ASK
1364654067,87.01,0.1,1004223,BID
1364654067,87,3.23059,1004224,BID
1364654071,87,0.5178,1004230,BID
1364654072,87,0.3107,1004235,BID
1364654079,87,2.41462,1004239,BID
1364654085,87,0.3136,1004251,BID
1364654086,87,0.5227,1004252,BID
1364654091,87,0.412919,1004259,BID
1364654095,87,0.121639,1004272,BID
1364654097,87,0.115667,1004273,BID
1364654098,87,0.1569,1004277,BID
1364654110,87,1.53492,1004289,BID
1364654168,87.005,0.115283,1004327,BID
1364654201,87.005,0.184717,1004347,BID
1364654201,87.005,7E-8,1004349,BID
1364654201,87,3.78026,1004350,BID
1364654203,87,0.497782,1004354,BID
1364654231,87,6.79031,1004364,BID
1364654232,87,3.61999,1004365,BID
1364654237,87,0.115279,1004374,BID
1364654273,87.472,0.91,1004400,ASK
1364654283,87.472,5.76635,1004413,ASK
1364654283,87.496,5,1004414,ASK
1364654283,87.498,8.6574,1004415,ASK
1364654301,87.003,0.119996,1004437,BID
1364654302,87.003,2.42625,1004440,BID
1364654319,87.003,2.79336,1004465,BID
1364654322,87.498,9,1004470,ASK
1364654330,87.636,0.0119846,1004478,ASK
1364654330,87.637,0.114472,1004479,ASK
1364654330,87.947,0.103543,1004480,ASK
1364654343,87.003,0.964326,1004503,BID
1364654352,87.002,0.116006,1004528,BID
1364654355,87.002,0.115297,1004533,BID
1364654357,87.003,0.114939,1004537,ASK
1364654361,87.003,0.238,1004560,ASK
1364654367,87.002,0.0686968,1004577,BID
1364654367,87.001,0.401303,1004578,BID
1364654385,87.003,2.74065,1004624,ASK
1364654395,87.001,0.101,1004665,BID
1364654404,87.001,0.968,1004685,BID
1364654414,87.001,0.4702,1004730,BID
1364654418,87.003,1.94209,1004735,ASK
1364654423,87.001,1.05183,1004747,BID
1364654424,87.001,0.101,1004750,BID
1364654429,87.001,0.9681,1004772,BID
1364654435,87.001,0.938566,1004787,BID
1364654435,87.001,0.636772,1004789,BID
1364654435,87.001,0.101,1004790,BID
1364654436,87.002,0.101,1004793,BID
1364654458,87.002,0.102617,1004845,BID
1364654458,87.002,0.0473826,1004846,BID
1364654466,87.002,0.111571,1004854,BID
1364654474,87.002,0.018166,1004868,BID
1364654474,87.001,0.951234,1004869,BID
1364654481,87.002,0.101809,1004885,BID
1364654481,87.002,7E-8,1004886,BID
1364654481,87.001,1.0763,1004887,BID
1364654487,87.001,1.96971,1004904,BID
1364654487,87.001,0.101,1004905,BID
1364654489,87.001,0.101,1004909,BID
1364654491,87.001,0.0629912,1004931,BID
1364654491,87.001,0.0475687,1004932,BID
1364654494,87.001,0.9232,1004938,BID
1364654495,87.001,0.605253,1004945,BID
1364654499,87.001,0.222,1004957,ASK
1364654503,87,0.10107,1004961,BID
1364654538,87.001,0.23086,1005013,ASK
1364654538,87.001,0.101,1005014,ASK
1364654538,87.001,0.502233,1005015,ASK
1364654538,87.001,0.110441,1005016,ASK
1364654538,87.002,0.101,1005017,ASK
1364654538,87.002,0.101,1005018,ASK
1364654549,87,0.4872,1005030,BID
1364654551,87,0.458656,1005036,BID
1364654553,87,0.786262,1005045,BID
1364654554,87,0.9839,1005049,BID
1364654599,87.611,0.48407,1005068,ASK
1364654599,87.612,0.01593,1005069,ASK
1364654603,87.01,0.2957,1005072,BID
1364654662,87.494,3.46195,1005119,ASK
1364654663,87.494,4.13065,1005121,ASK
1364654663,87.5,1.097,1005122,ASK
1364654677,87.5,0.3897,1005133,BID
1364654685,87.5,0.2,1005138,BID
1364654692,87.5,1.4,1005149,BID
1364654709,87.5,1.8662,1005161,BID
1364654715,87.5,2.90838,1005177,BID
1364654729,87.61,0.178,1005185,ASK
1364654729,87.611,0.0548,1005186,ASK
1364654735,87.501,4.16591,1005199,BID
1364654741,87.611,0.123649,1005213,ASK
1364654742,87.611,0.123754,1005218,ASK
1364654743,87.611,0.434201,1005224,ASK
1364654753,87.501,1E-7,1005243,BID
1364654753,87.5,0.114533,1005244,BID
1364654754,87.611,0.114141,1005246,ASK
1364654765,87.5,0.835572,1005270,BID
1364654783,87.5,2.55797,1005284,BID
1364654793,87.003,0.16061,1005304,BID
1364654801,87.003,0.00000464,1005307,BID
1364654801,87.001,0.0999954,1005308,BID
1364654845,87.5,0.101,1005378,ASK
1364654845,87.5,0.101,1005379,ASK
1364654870,87.009,0.11,1005428,BID
1364654875,87.009,0.101,1005444,BID
1364654876,87.009,0.101,1005454,BID
1364654879,87.009,0.323052,1005458,BID
1364654880,87.006,0.2536,1005465,BID
1364654891,87.5,0.1546,1005531,BID
1364654892,87.5,0.02513,1005536,BID
1364654892,87.006,0.0913065,1005537,BID
1364654898,87.549,0.53,1005549,ASK
1364654904,87.013,1.033,1005567,BID
1364654920,87.013,0.11,1005601,BID
1364654948,87.013,0.15995,1005628,BID
1364654949,87.611,4.14946,1005630,ASK
1364654953,87.611,2.02882,1005634,BID
1364654986,87.699,0.1,1005653,ASK
1364654986,87.797,1.18007,1005654,ASK
1364654999,87.699,1,1005665,ASK
1364655030,87.797,0.110892,1005700,ASK
1364655032,87.797,0.110643,1005703,ASK
1364655044,87.797,0.113899,1005715,ASK
1364655113,87.446,0.1003,1005781,BID
1364655113,87.446,0.1003,1005783,BID
1364655113,87.446,0.0940828,1005785,BID
1364655113,87.446,0.00621723,1005786,BID
1364655113,87.446,0.1003,1005787,BID
1364655113,87.117,0.304983,1005789,BID
1364655115,87.797,0.1139,1005791,ASK
1364655116,87.117,0.11,1005796,BID
1364655158,87.117,0.11,1005849,BID
1364655160,87.117,0.115693,1005856,BID
1364655180,87.125,0.1,1005882,BID
1364655228,87.126,0.116201,1005927,BID
1364655260,87.135,0.212089,1005963,BID
1364655320,87.789,0.13793,1005986,ASK
1364655320,87.789,0.110456,1005992,ASK
1364655322,87.789,0.296,1005995,ASK
1364655399,87.796,0.211838,1006021,ASK
1364655410,87.796,0.00000166,1006025,ASK
1364655410,87.797,0.136098,1006026,ASK
1364655410,87.797,0.00000247,1006030,ASK
1364655410,87.899,0.314983,1006031,ASK
1364655412,87.899,0.162003,1006038,ASK
1364655413,87.796,0.11,1006040,BID
1364655413,87.796,0.00062263,1006043,BID
1364655431,87.142,0.11635,1006065,BID
1364655523,87.788,0.5612,1006096,ASK
1364655590,87.277,0.97,1006119,BID
1364655590,87.142,0.0836498,1006120,BID
1364655590,87.117,0.245536,1006121,BID
1364655590,87.02,0.1,1006122,BID
1364655590,87.015,1.05435,1006123,BID
1364655600,87.277,0.97,1006124,ASK
1364655607,87.014,5,1006125,BID
1364655624,87.004,0.38931,1006137,BID
1364655624,87.004,0.19079,1006138,BID
1364655624,87.002,0.527267,1006139,BID
1364655624,87.001,2.64854,1006140,BID
1364655633,87.001,0.527267,1006142,BID
1364655701,87.78,5.18294,1006156,ASK
1364655712,87.1,0.2,1006165,BID
1364655728,87.787,3.01188,1006168,ASK
1364655743,87.796,0.11,1006177,ASK
1364655769,87.449,0.1,1006194,ASK
1364655774,87.888,0.5,1006197,ASK
1364655789,87.449,0.1,1006213,ASK
1364655798,87.101,0.1,1006218,BID
1364655825,87.583,0.458566,1006232,ASK
1364655825,87.584,0.0106873,1006233,ASK
1364655826,87.584,0.458566,1006234,ASK
1364655829,87.584,0.0106873,1006235,BID
1364655865,87.879,4.1584,1006248,ASK
1364655882,87.104,2.30671,1006256,BID
1364655882,87.103,0.424907,1006258,BID
1364655888,87.104,0.11,1006265,ASK
1364655888,87.878,0.1006,1006266,ASK
1364655890,87.103,1.12697,1006270,BID
1364655968,87.878,1.1,1006295,BID
1364656074,87.863,0.559,1006339,ASK
1364656156,87.862,0.2,1006384,ASK
1364656163,87.862,0.1755,1006391,BID
1364656167,87.862,0.00000232,1006393,BID
1364656199,87.172,0.472,1006406,ASK
1364656305,87.872,0.1,1006475,ASK
1364656331,87.872,0.346609,1006487,ASK
1364656461,87.858,0.1556,1006558,ASK
1364656572,87.859,1.308,1006597,ASK
1364656572,87.859,0.692,1006598,ASK
1364656600,87.204,0.26,1006637,BID
1364656600,87.203,0.360915,1006638,BID
1364656705,87.203,0.518128,1006711,BID
1364656705,87.2,0.12,1006712,BID
1364656713,87.203,0.101,1006717,ASK
1364656713,87.203,0.101,1006718,ASK
1364656730,87.171,0.15,1006726,BID
1364656730,87.17,0.07954,1006727,BID
1364656734,87.854,0.121104,1006729,ASK
1364656739,87.17,5.13686,1006740,BID
1364656739,87.17,1.3178,1006741,BID
1364656739,87.16,1.20759,1006742,BID
1364656742,87.16,0.11,1006746,BID
1364656753,87.16,0.287366,1006756,BID
1364656753,87.16,0.11,1006757,BID
1364656767,87.16,0.24368,1006772,BID
1364656768,87.16,0.11,1006774,BID
1364656786,87.856,0.16955,1006783,ASK
1364656807,87.162,0.11,1006799,BID
1364656807,87.162,0.05921,1006800,BID
1364656853,87.161,0.1546,1006846,BID
1364656860,87.5,0.5186,1006851,BID
1364656861,87.5,0.6871,1006852,BID
1364656891,87.797,0.11,1006869,ASK
1364656905,87.798,0.15608,1006881,ASK
1364656905,87.8,0.102552,1006882,ASK
1364656965,87.5,0.116928,1006903,BID
1364656995,87.2,0.103,1006917,BID
1364656995,87.162,0.05277,1006918,BID
1364656995,87.162,0.103,1006919,BID
1364656995,87.161,0.0982052,1006920,BID
1364656995,87.161,0.103,1006922,BID
1364656995,87.16,0.281364,1006923,BID
1364656995,87.16,0.327614,1006924,BID
1364657001,87.16,0.123232,1006929,BID
1364657002,87.2,0.103,1006930,ASK
1364657002,87.2,0.101,1006931,ASK
1364657002,87.5,0.11,1006932,BID
1364657013,87.5,0.3431,1006947,BID
1364657034,87.5,0.2,1006954,BID
1364657263,87.4,0.44,1007088,BID
1364657267,87.794,1.62647,1007089,ASK
1364657267,87.794,5.08195,1007090,ASK
1364657277,87.794,0.12222,1007099,BID
1364657281,87.794,0.101,1007103,BID
1364657281,87.794,0.383311,1007106,BID
1364657281,87.794,0.122249,1007109,BID
1364657283,87.794,0.101,1007110,BID
1364657297,87.794,1.31802,1007115,BID
1364657341,87.794,0.101,1007127,BID
1364657342,87.794,2.62726,1007130,BID
1364657344,87.794,0.11,1007132,BID
1364657345,87.794,0.114213,1007136,BID
1364657347,87.794,0.11,1007139,BID
1364657355,87.794,0.4515,1007145,BID
1364657356,87.794,0.11,1007147,BID
1364657362,87.794,0.11,1007152,BID
1364657374,87.794,0.122577,1007163,BID
1364657377,87.794,0.11,1007165,BID
1364657465,87.794,0.11,1007170,BID
1364657468,87.794,1.09958,1007175,BID
1364657468,87.794,0.11,1007178,BID
1364657519,87.794,0.951662,1007191,BID
1364657538,87.794,1.88111,1007197,BID
1364657542,87.799,0.107245,1007199,ASK
1364657542,87.849,0.0716282,1007200,ASK
1364657543,87.799,0.102794,1007204,BID
1364657544,87.849,0.116281,1007205,ASK
1364657545,87.849,0.153469,1007207,ASK
1364657672,87.799,0.00445048,1007256,BID
1364657672,87.794,0.182805,1007257,BID
1364657795,87.794,0.11,1007290,BID
1364657823,87.794,0.101,1007297,BID
1364657824,87.794,0.101,1007300,BID
1364657825,87.794,0.354525,1007304,BID
1364657844,87.794,0.110527,1007320,BID
1364657853,87.794,0.109148,1007330,BID
1364657853,87.794,0.101,1007331,BID
1364657854,87.794,0.101,1007333,BID
1364657867,87.794,0.153863,1007339,BID
1364658008,87.4,0.6879,1007381,BID
1364658013,87.4,0.1548,1007384,BID
1364658013,87.4,0.4573,1007385,BID
1364658013,87.201,0.0587,1007386,BID
1364658064,87.202,0.116994,1007412,BID
1364658068,87.202,0.000006,1007416,BID
1364658068,87.201,0.689394,1007417,BID
1364658080,87.6,0.11,1007420,BID
1364658107,87.838,0.1,1007434,ASK
1364658293,87.4,0.11,1007558,BID
1364658309,87.4,2.35549,1007580,BID
1364658311,87.4,0.11,1007584,BID
1364658316,87.4,0.116268,1007591,BID
1364658319,87.4,0.115904,1007594,BID
1364658321,87.4,0.112313,1007597,BID
1364658322,87.4,0.101,1007599,BID
1364658395,87.4,0.18032,1007632,BID
1364658417,87.4,0.200532,1007638,BID
1364658418,87.4,0.101,1007641,BID
1364658504,87.4,6.61332,1007665,BID
1364658555,87.4,0.101,1007688,BID
1364658556,87.4,1.12502,1007692,BID
1364658557,87.4,0.283614,1007694,BID
1364658557,87.4,0.101,1007696,BID
1364658557,87.4,0.11,1007697,BID
1364658564,87.4,0.116708,1007702,BID
1364658567,87.4,0.115271,1007705,BID
1364658568,87.4,2.83789,1007707,BID
1364658598,87.4,0.1548,1007721,BID
1364658729,87.4,1.51047,1007778,BID
1364658730,87.4,0.483219,1007781,BID
1364658730,87.4,0.101,1007783,BID
1364658731,87.4,0.11,1007785,BID
1364658752,87.5,0.1,1007791,ASK
1364658854,87.5,1.57958,1007816,ASK
1364658921,87.4,4.99,1007837,BID
1364659004,87.4,4.1584,1007870,BID
1364659008,87.499,0.1,1007871,ASK
1364659021,87.4,1.34889,1007876,BID
1364659023,87.499,0.103059,1007877,ASK
1364659042,87.4,0.160443,1007888,BID
1364659043,87.4,0.235769,1007892,BID
1364659048,87.4,0.110608,1007897,BID
1364659049,87.4,0.110608,1007900,BID
1364659049,87.4,0.739351,1007902,BID
1364659093,87.4,0.879802,1007919,BID
1364659163,87.4,7E-8,1007941,BID
1364659163,87.31,0.3,1007942,BID
1364659237,87.312,1.76854,1007956,BID
1364659244,87.312,0.114804,1007962,BID
1364659257,87.312,0.116658,1007968,BID
1364659262,87.312,7E-8,1007972,BID
1364659262,87.311,0.1,1007973,BID
1364659355,87.21,1.8,1007988,BID
1364659357,87.21,6E-8,1007992,BID
1364659357,87.201,2.13595,1007993,BID
1364659359,87.201,2.13096,1007996,BID
1364659402,87.21,0.11493,1008004,ASK
1364659488,87.311,0.0148035,1008031,ASK
1364659546,87.311,0.0851965,1008054,BID
1364659546,87.15,0.100966,1008055,BID
1364659548,87.15,0.155,1008057,BID
1364659644,87.15,0.521434,1008094,BID
1364659666,87.15,0.544258,1008102,BID
1364659803,87.32,1.1,1008142,ASK
1364659825,87.15,0.115509,1008154,BID
1364659825,87.15,0.115049,1008155,BID
1364659826,87.15,7.44778,1008158,BID
1364659873,87.132,0.4643,1008202,BID
1364659909,87.15,0.0082484,1008211,ASK
1364659916,87.15,0.0917516,1008216,BID
1364659916,87.132,0.207248,1008217,BID
1364659927,87.132,0.110938,1008231,BID
1364660032,87.15,0.110938,1008255,ASK
1364660121,87.32,0.3,1008262,ASK
1364660169,87.133,0.113171,1008276,BID
1364660241,87.499,0.430006,1008301,ASK
1364660390,87.499,0.1,1008347,ASK
1364660715,87.135,0.7,1008381,BID
1364660767,87.499,0.342935,1008392,ASK
1364660767,87.499,4.7,1008393,ASK
1364660767,87.499,0.367065,1008394,ASK
1364660771,87.499,0.109989,1008396,ASK
1364660773,87.499,0.11429,1008400,ASK
1364660773,87.499,0.545901,1008401,ASK
1364661084,87.141,0.885627,1008485,BID
1364661177,87.499,0.690133,1008492,ASK
1364661177,87.499,0.5,1008493,ASK
1364661177,87.5,220.351,1008494,ASK
1364661337,87.5,1.51536,1008524,ASK
1364661370,87.5,0.77,1008531,ASK
1364661576,87.668,0.204369,1008591,ASK
1364661576,87.849,0.0256308,1008592,ASK
1364661731,87.142,0.1,1008635,BID
1364661731,87.141,0.00685664,1008636,BID
1364661731,87.135,0.00848899,1008637,BID
1364662352,87.162,0.15121,1008847,BID
1364662475,87.161,0.1,1008879,BID
1364662480,87.161,0.01,1008884,ASK
1364662512,87.162,0.141204,1008910,BID
1364662523,87.162,0.00000607,1008914,BID
1364662523,87.16,0.271245,1008915,BID
1364662546,87.16,0.111342,1008924,BID
1364662556,87.143,0.110605,1008930,BID
1364662556,87.143,0.11,1008931,BID
1364662559,87.143,0.11,1008933,BID
1364662562,87.143,0.11,1008936,BID
1364662563,87.143,0.121395,1008942,BID
1364662565,87.162,0.11,1008943,ASK
1364662571,87.143,6E-8,1008945,BID
1364662571,87.141,0.444454,1008946,BID
1364662583,87.141,0.0481079,1008952,BID
1364662583,87.141,0.0618921,1008953,BID
1364662591,87.141,0.22954,1008963,BID
1364662817,87.837,0.11,1009003,BID
1364662827,87.837,0.258,1009009,BID
1364663149,87.224,0.200967,1009107,BID
1364663206,87.224,5,1009115,BID
1364663407,87.224,2.75984,1009134,BID
1364663407,87.224,1.03016,1009135,BID
1364663445,87.224,0.134,1009138,BID
1364663559,87.224,1.75954,1009184,BID
1364663559,87.22,0.550457,1009185,BID
1364663604,87.803,0.23,1009204,ASK
1364663746,87.766,0.350727,1009227,ASK
1364663920,87.222,2,1009255,BID
1364663927,87.222,1.5235,1009256,ASK
1364664354,87.27,1.8,1009334,BID
1364664354,87.25,61,1009335,BID
1364664665,87.223,0.919027,1009434,BID
1364664704,87.223,0.242802,1009460,BID
1364664709,87.223,0.114914,1009463,BID
1364664803,87.223,0.723257,1009482,BID
1364664803,87.223,7E-8,1009484,BID
1364664803,87.222,1.5235,1009485,BID
1364664803,87.222,1.3E-7,1009486,BID
1364664803,87.22,0.549543,1009487,BID
1364664803,87.22,1.9E-7,1009488,BID
1364664803,87.207,0.232063,1009489,BID
1364664803,87.207,2.5E-7,1009490,BID
1364664803,87.15,0.837156,1009491,BID
1364664846,87.15,1.36284,1009504,BID
1364664863,87.15,0.637156,1009505,ASK
1364664911,87.15,1.171,1009513,BID
1364664911,87.142,0.146776,1009514,BID
1364664911,87.142,0.923836,1009515,BID
1364664912,87.141,1.31778,1009522,BID
1364664912,87.14,0.807956,1009523,BID
1364664913,87.14,2.84448,1009525,BID
1364664917,87.14,1.19756,1009530,BID
1364664917,87.14,6E-8,1009532,BID
1364664917,87.135,4.49006,1009533,BID
1364664919,87.135,0.663943,1009535,BID
1364664919,87.135,6E-8,1009538,BID
1364664919,87.134,1.39221,1009539,BID
1364664963,87.134,0.1933,1009554,BID
1364664981,87.15,0.01,1009557,ASK
1364665035,87.14,0.1346,1009560,BID
1364665037,87.14,0.372617,1009564,BID
1364665049,87.14,0.592783,1009577,BID
1364665049,87.14,6E-8,1009579,BID
1364665049,87.134,1.71284,1009580,BID
1364665080,87.15,1.161,1009597,ASK
1364665080,87.15,0.146776,1009598,ASK
1364665087,87.134,0.110763,1009603,BID
1364665232,87.134,1.59088,1009641,BID
1364665232,87.134,1.09912,1009642,BID
1364665472,87.14,0.045,1009727,BID
1364665472,87.134,0.00088435,1009728,BID
1364665472,87.134,0.0655381,1009729,BID
1364665474,87.134,1.03166,1009734,BID
1364665475,87.134,0.11,1009736,BID
1364665476,87.139,0.11,1009739,ASK
1364665478,87.134,0.11,1009743,BID
1364665479,87.14,0.11,1009750,ASK
1364665486,87.134,0.115815,1009755,BID
1364665520,87.139,0.114759,1009792,BID
1364665520,87.139,6E-8,1009795,BID
1364665520,87.134,0.101983,1009796,BID
1364665520,87.134,1.3E-7,1009797,BID
1364665520,87.133,0.9,1009798,BID
1364665520,87.133,0.512154,1009799,BID
1364665524,87.139,0.11,1009801,ASK
1364665712,87.135,1.2,1009847,BID
1364665715,87.135,4.34676,1009848,ASK
1364665716,87.135,0.110686,1009851,ASK
1364665719,87.135,0.11476,1009853,ASK
1364665797,87.135,0.110463,1009885,ASK
1364665860,87.133,3.48785,1009892,BID
1364665885,87.131,1,1009900,BID
1364665915,87.124,0.683622,1009910,BID
1364665934,87.12,1.2,1009912,BID
1364666048,87.212,2.7458,1009943,BID
1364666267,87.661,0.2123,1009985,ASK
1364666416,87.664,0.14,1010016,ASK
1364666675,87.212,0.22954,1010063,BID
1364666929,87.212,0.3,1010111,BID
1364667261,87.64,0.1665,1010189,ASK
1364667296,87.212,0.0137294,1010194,BID
1364667319,87.6,0.404055,1010211,ASK
1364667395,87.6,0.19574,1010221,ASK
1364667553,87.599,0.1,1010250,ASK
1364667571,87.599,0.1,1010256,ASK
1364667888,87.599,0.1,1010321,ASK
1364667909,87.212,0.0101334,1010328,BID
1364667937,87.21,0.892222,1010340,BID
1364667941,87.21,0.107778,1010344,BID
1364667998,87.105,0.11,1010370,BID
1364667999,87.105,0.057,1010375,BID
1364668001,87.104,0.11,1010377,BID
1364668001,87.104,6E-8,1010379,BID
1364668001,87.102,0.185704,1010380,BID
1364668001,87.102,1.2E-7,1010381,BID
1364668001,87.101,0.748477,1010382,BID
1364668014,87.105,0.0535933,1010391,ASK
1364668046,87.21,0.00714358,1010393,ASK
1364668046,87.212,0.0998666,1010394,ASK
1364668053,87.105,0.0464067,1010397,BID
1364668087,87.101,0.177615,1010410,BID
1364668090,87.101,0.11,1010412,BID
1364668091,87.101,0.11,1010415,BID
1364668135,87.101,19.3539,1010424,BID
1364668140,87.105,0.0575675,1010431,ASK
1364668149,87.1,0.513216,1010434,BID
1364668153,87.1,0.785689,1010437,BID
1364668155,87.1,0.11,1010444,BID
1364668179,87.1,1.74304,1010449,BID
1364668181,87.1,0.11,1010450,BID
1364668205,87.1,0.11,1010462,BID
1364668207,87.1,1.95359,1010467,BID
1364668208,87.1,0.11,1010469,BID
1364668213,87.1,1.4843,1010475,BID
1364668215,87.1,0.11,1010477,BID
1364668245,87.105,0.00602576,1010481,ASK
1364668245,87.598,3.46097,1010482,ASK
1364668319,87.1,0.241665,1010522,BID
1364668335,87.1,0.11,1010535,BID
1364668371,87.1,0.412109,1010547,BID
1364668386,87.1,0.045,1010553,BID
1364668429,87.1,2.4,1010558,BID
1364668439,87.1,1.02517,1010561,BID
1364668464,87.1,10.9087,1010566,BID
1364668515,87.013,0.137003,1010574,BID
1364668515,87.013,6E-8,1010577,BID
1364668515,87.001,1.25604,1010578,BID
1364668515,87.001,0.1,1010579,BID
1364668515,87.001,1.61806,1010580,BID
1364668603,87.475,0.108152,1010595,ASK
1364668746,87.419,0.354,1010630,ASK
1364668767,87.002,6.45366,1010638,BID
1364668875,87.002,0.325971,1010663,BID
1364668926,87.383,0.1,1010674,ASK
1364668926,87.384,0.009989,1010675,ASK
1364668927,87.384,0.109989,1010678,ASK
1364669147,87.001,0.115952,1010812,BID
1364669530,87.1,0.111103,1011006,ASK
1364669547,87.001,0.5183,1011060,BID
1364669547,87.001,0.6911,1011061,BID
1364669552,87.001,0.1555,1011064,BID
1364669556,87.32,0.5838,1011068,ASK
1364669584,87.001,0.110459,1011076,BID
1364669585,87.001,0.11,1011077,BID
1364669763,87.002,0.461832,1011120,BID
1364669763,87.002,0.11,1011121,BID
1364669780,87.32,0.381907,1011126,ASK
1364669786,87.32,0.566,1011127,ASK
1364669811,87.01,0.197,1011140,BID
1364669901,87.01,0.115207,1011190,BID
1364670073,87.01,0.011,1011224,BID
1364670094,87.32,0.1,1011230,ASK
1364670119,87.01,0.0102446,1011236,BID
1364670153,87.32,0.1,1011243,ASK
1364670343,87.01,1.37955,1011301,BID
1364670346,87,0.5864,1011302,BID
1364670346,87,0.10791,1011303,BID
1364670346,87,1.4524,1011304,BID
1364670351,86.99,2.07235,1011305,BID
1364670352,86.99,2.4E-7,1011306,BID
1364670518,86.869,3,1011345,ASK
1364670557,86.5,0.111472,1011384,BID
1364670700,86.869,0.1,1011416,ASK
1364670715,86.869,0.330189,1011419,ASK
1364671015,86.859,0.398188,1011467,ASK
1364671030,86.858,0.398188,1011469,ASK
1364671030,86.858,0.336069,1011470,ASK
1364671038,86.851,3.87536,1011473,ASK
1364671180,87,0.1,1011501,ASK
1364671379,87,0.9,1011545,ASK
1364671388,87.065,0.705148,1011550,ASK
1364671409,87.318,0.956646,1011551,ASK
1364671523,87.317,0.129409,1011577,ASK
1364671534,87.317,0.0394052,1011578,BID
1364671541,87.317,0.0705948,1011582,ASK
1364671541,87.317,0.168815,1011583,ASK
1364671541,87.318,0.0732105,1011584,ASK
1364671563,87.318,0.81,1011590,BID
1364671573,87.2,0.5,1011595,BID
1364671601,87.319,0.1,1011609,ASK
1364671655,87,1,1011643,BID
1364671655,87,2.84505,1011644,BID
1364671672,87,1.85399,1011649,BID
1364671674,87,0.300959,1011650,BID
1364671693,87,1,1011656,ASK
1364671720,87,0.699041,1011667,ASK
1364671783,86.802,0.882748,1011683,BID
1364671837,86.804,0.11,1011697,BID
1364671840,87,0.84,1011702,BID
1364671840,87,0.128725,1011703,BID
1364671841,87,0.11,1011705,BID
1364671846,87,0.11,1011712,BID
1364671863,87,3.86663,1011726,BID
1364671909,87.001,3.49922,1011745,BID
1364671909,87.001,0.11,1011749,BID
1364671924,87.001,0.279698,1011763,BID
1364671925,87.001,0.115247,1011769,BID
1364671926,87.001,0.910191,1011774,BID
1364671930,87.001,0.11,1011778,BID
1364672010,87.001,0.502891,1011820,BID
1364672081,87.32,0.1,1011847,ASK
1364672104,87.32,5.40529,1011855,ASK
1364672120,87.32,4.87688,1011860,BID
1364672122,87.32,5.67053,1011861,BID
1364672167,87.32,0.11,1011910,BID
1364672266,87.32,0.266889,1011926,BID
1364672274,87.32,4.11126,1011927,ASK
1364672281,87.32,0.6671,1011929,ASK
1364672357,87.003,8.14906,1011948,BID
1364672363,87.002,2.4,1011953,BID
1364672370,87.001,4.97276,1011955,BID
1364672501,87.466,0.1,1011975,ASK
1364672982,87.431,0.1,1012114,ASK
1364673366,87.475,0.177022,1012204,ASK
1364673402,87.474,0.1,1012212,ASK
1364673593,87.474,0.00223289,1012242,ASK
1364673593,87.475,0.574327,1012243,ASK
1364673593,87.478,0.205176,1012244,ASK
1364673661,87.3,1.195,1012262,BID
1364673673,87.499,0.886,1012275,ASK
1364673673,87.499,0.126612,1012276,ASK
1364673927,87.002,0.536328,1012311,BID
1364673927,87.001,0.5,1012312,BID
1364673927,87.001,2.3757,1012313,BID
1364673927,87.001,0.127082,1012314,BID
1364673927,87,0.427,1012315,BID
1364673927,87,1.15389,1012316,BID
1364673976,87.748,0.41,1012324,ASK
1364673976,87.749,3.14991,1012325,ASK
1364674161,87.002,0.1089,1012371,BID
1364674161,87.001,1.85349,1012372,BID
1364674161,87.001,0.0376142,1012373,BID
1364674782,87.399,0.1,1012452,ASK
1364674920,87.201,0.109,1012460,BID
1364675245,87.7,0.04,1012474,ASK
1364675245,87.7,0.113117,1012475,ASK
1364675691,87.748,0.127591,1012540,ASK
1364675698,87.748,2.86024,1012541,BID
1364675806,87.7,0.44688,1012564,BID
1364675809,87.7,0.00000326,1012568,BID
1364676696,87.2,0.0231,1012715,BID
1364676722,87.695,0.055484,1012718,ASK
1364676966,87.2,1.35406,1012747,BID
1364676998,87.2,0.5658,1012750,BID
1364677082,87.694,0.10132,1012771,ASK
1364677379,87.027,0.1089,1012828,BID
1364677380,87.023,0.0311,1012831,ASK
1364677380,87.694,0.0329505,1012832,ASK
1364677382,87.694,0.0468372,1012833,BID
1364677396,87.694,0.0618714,1012836,ASK
1364677412,87.7,0.11088,1012850,ASK
1364677415,87.7,0.00356874,1012853,ASK
1364677442,87.749,0.176726,1012865,ASK
1364677533,87.747,0.113654,1012896,ASK
1364677602,87.7,0.106911,1012905,BID
1364677625,87.7,0.0380883,1012907,ASK
1364677796,87.715,0.198652,1012941,ASK
1364678373,87.736,0.14,1013076,ASK
1364678373,87.737,0.14,1013077,ASK
1364678399,87.739,0.1091,1013079,BID
1364678449,87.745,0.117826,1013094,ASK
1364678516,87.743,0.110955,1013147,BID
1364678517,87.743,0.11,1013149,BID
1364678520,87.743,0.17186,1013153,BID
1364678532,87.743,0.0071853,1013155,BID
1364678568,87.739,0.0619,1013214,BID
1364678755,87.732,0.111376,1013287,ASK
1364678770,87.732,0.0286236,1013292,ASK
1364678776,87.738,0.14,1013295,ASK
1364678779,87.739,0.0481,1013297,ASK
1364678794,87.747,0.00000175,1013302,ASK
1364678807,87.875,0.1,1013308,ASK
1364678809,87.876,0.1,1013310,ASK
1364678810,87.876,0.038138,1013311,BID
1364678810,87.875,0.0106235,1013312,BID
1364678974,87.871,0.13576,1013333,ASK
1364679141,87.872,0.995,1013369,ASK
1364679322,87.872,0.340372,1013407,ASK
1364679353,87.872,0.650528,1013416,BID
1364679419,87.502,1,1013422,BID
1364679498,87.896,0.14,1013440,ASK
1364679498,87.897,0.1,1013441,ASK
1364679498,87.897,1.26,1013442,ASK
1364679522,87.8,0.151,1013451,ASK
1364679522,87.897,0.055,1013452,ASK
1364679522,87.897,1.794,1013453,ASK
1364679567,87.896,0.14,1013467,ASK
1364679567,87.897,0.54,1013468,ASK
1364679655,87.897,3.50216,1013497,ASK
1364679731,87.897,2.00688,1013512,ASK
1364679744,87.9,0.126828,1013519,ASK
1364679808,87.503,0.178125,1013536,BID
1364679812,87.503,0.121875,1013544,ASK
1364679812,87.503,4.6E-7,1013545,ASK
1364679820,87.947,0.01,1013556,ASK
1364679828,87.504,0.1,1013564,BID
1364679884,87.946,0.113706,1013608,ASK
1364679907,87.946,0.0262939,1013642,ASK
1364679907,87.947,0.00049996,1013643,ASK
1364679907,87.997,0.0868464,1013644,ASK
1364679911,87.996,0.14,1013649,ASK
1364679911,87.997,0.77498,1013650,ASK
1364679913,87.997,0.140002,1013653,ASK
1364679918,87.998,3,1013660,ASK
1364679922,87.997,0.14,1013666,ASK
1364679925,87.997,0.487776,1013668,ASK
1364679927,87.999,0.1,1013671,ASK
1364679931,87.998,0.14,1013676,ASK
1364679933,88,0.119271,1013678,ASK
1364679933,88,3,1013679,ASK
1364679933,88,3.99266,1013680,ASK
1364679933,88,3.18692,1013681,ASK
1364679935,87.999,0.14,1013683,ASK
1364679935,88,1.80308,1013684,ASK
1364679935,88,0.198514,1013685,ASK
1364679935,88,3.13627,1013686,ASK
1364679942,88,1.85373,1013691,ASK
1364679944,88,0.00000158,1013692,ASK
1364679950,88.037,0.1,1013697,ASK
1364679950,88.038,0.0135873,1013698,ASK
1364679955,88.038,0.0864127,1013703,ASK
1364679961,88.04,0.1,1013706,ASK
1364679972,88.039,0.5,1013718,ASK
1364680310,87.997,0.11364,1013862,BID
1364680372,87.665,0.055,1013872,BID
1364680551,87.665,0.6722,1013907,BID
1364680632,87.987,2.20395,1013941,ASK
1364680632,87.988,0.14,1013942,ASK
1364680632,87.99,0.23675,1013943,ASK
1364680632,87.991,0.278019,1013944,ASK
1364680700,87.986,2.36331,1013958,ASK
1364680700,87.987,0.129992,1013959,ASK
1364680704,87.988,0.82008,1013966,BID
1364680743,88.298,0.14,1013977,ASK
1364680771,88.298,0.1059,1013982,BID
1364680788,88.298,0.331816,1013988,BID
1364680807,87.988,0.00000407,1013997,BID
1364680807,87.503,0.121876,1013998,BID
1364680870,87.503,0.00000414,1014015,BID
1364680874,87.501,0.0378,1014023,BID
1364680874,87.4,0.0999188,1014024,BID
1364680874,87.03,0.0107812,1014025,BID
1364680897,87.212,1.84934,1014032,ASK
1364680949,87.211,0.110727,1014045,ASK
1364680951,87.211,0.029273,1014047,ASK
1364680951,87.212,8.9E-7,1014048,ASK
1364680951,87.501,0.042927,1014049,ASK
1364680957,87.501,0.029273,1014050,ASK
1364680963,87.503,0.109996,1014051,ASK
1364680967,87.535,0.8864,1014052,ASK
1364680974,87.988,0.11,1014054,ASK
1364680985,87.987,0.15891,1014055,ASK
1364680998,88.101,0.1,1014056,ASK
1364681003,88.093,0.1,1014064,ASK
1364681046,87.048,0.1386,1014080,BID
1364681156,87.058,0.116,1014110,BID
1364681171,87.067,3.65671,1014112,BID
1364681171,87.059,4.15044,1014113,BID
1364681171,87.058,3.53284,1014114,BID
1364681220,88.076,0.14,1014123,ASK
1364681686,87.062,0.597508,1014194,BID
1364681687,87.062,0.674609,1014200,BID
1364681689,87.062,0.11,1014202,BID
1364681708,88.03,0.126833,1014204,ASK
1364681810,87.151,1,1014224,BID
1364681837,87.16,0.111841,1014233,BID
1364681875,88.02,0.1,1014246,ASK
1364681892,88.015,0.01,1014249,ASK
1364681910,88.015,0.01,1014254,ASK
1364682003,88.004,0.1,1014261,ASK
1364682017,88.003,0.1,1014264,ASK
1364682044,87.995,0.287738,1014270,ASK
1364682044,87.996,1.63726,1014271,ASK
1364682077,87.995,0.1,1014278,ASK
1364682093,87.203,0.1386,1014286,BID
1364682093,87.203,0.6847,1014287,BID
1364682093,87.203,0.111573,1014289,BID
1364682094,87.203,0.11,1014290,BID
1364682095,87.203,0.6803,1014295,BID
1364682095,87.203,1.30704,1014296,BID
1364682095,87.202,0.6803,1014300,BID
1364682164,87.203,1,1014307,BID
1364682299,87.204,0.394126,1014315,BID
1364682521,87.267,0.43,1014331,BID
1364682521,87.267,0.3,1014332,BID
1364682560,87.266,0.1,1014333,ASK
1364682571,87.266,0.1,1014334,ASK
1364682611,87.266,0.0807605,1014341,ASK
1364682611,87.267,0.0192395,1014342,ASK
1364682618,87.207,1,1014344,BID
1364682634,87.207,0.99,1014345,BID
1364682763,87.242,0.0533,1014356,BID
1364682785,87.242,0.226609,1014360,BID
1364682858,87.244,1.15948,1014368,BID
1364682861,87.244,0.00000551,1014372,BID
1364682861,87.243,0.6666,1014374,BID
1364682861,87.243,0.292504,1014375,BID
1364682864,87.243,0.9038,1014381,BID
1364682895,87.245,0.814925,1014390,BID
1364682895,87.245,6E-8,1014392,BID
1364682895,87.244,0.579743,1014393,BID
1364682895,87.244,1.2E-7,1014394,BID
1364682895,87.243,2.22384,1014395,BID
1364682895,87.243,1.3222,1014396,BID
1364682895,87.243,2.41001,1014397,BID
1364682896,87.243,0.9036,1014403,BID
1364682897,87.243,0.9036,1014407,BID
1364682927,87.245,0.1904,1014410,BID
1364682968,87.246,0.289857,1014417,BID
1364683090,87.267,0.2,1014438,ASK
1364683152,87.267,0.0507605,1014449,ASK
1364683355,87.262,0.11,1014484,BID
1364683587,87.503,0.14,1014530,ASK
1364683587,88.163,0.16711,1014531,ASK
1364683587,88.167,0.12289,1014532,ASK
1364683611,87.504,0.170427,1014537,BID
1364683614,87.504,0.155427,1014540,BID
1364683614,87.504,0.155384,1014543,BID
1364683671,88.172,0.1,1014554,ASK
1364683671,88.172,0.1,1014555,ASK
1364683671,88.172,0.1,1014556,ASK
1364683671,88.172,0.1,1014557,ASK
1364683671,88.172,0.1,1014558,ASK
1364683671,88.172,0.1,1014559,ASK
1364683870,88.155,4.61,1014577,ASK
1364683987,88.155,0.1134,1014588,ASK
1364684049,87.8,0.851417,1014592,BID
1364684105,87.701,0.114304,1014601,BID
1364684273,87.707,0.199595,1014616,BID
1364684300,87.708,0.173911,1014622,BID
1364684301,87.708,0.178,1014626,BID
1364684301,87.708,0.11,1014627,BID
1364684301,87.708,0.178,1014631,BID
1364684536,87.71,2.366,1014645,BID
1364684667,87.716,4.67055,1014700,BID
1364684978,87.716,0.129807,1014769,BID
1364684978,87.716,0.11,1014772,BID
1364684979,87.716,0.147,1014779,BID
1364684980,87.716,0.147,1014784,BID
1364685216,87.716,0.11,1014834,BID
1364685216,87.716,0.0265,1014835,BID
1364685373,87.716,1.92346,1014861,BID
1364685390,87.716,2.71888,1014862,BID
1364685526,87.247,0.01,1014870,BID
1364685952,87.245,0.0229,1014899,BID
1364685961,87.245,0.01,1014901,BID
1364685977,87.245,0.0229,1014903,BID
1364685994,87.71,0.248,1014904,ASK
1364686308,87.71,0.11065,1014956,ASK
1364686312,87.71,0.0751,1014958,ASK
1364686329,87.71,0.18244,1014964,ASK
1364686330,87.71,2.11802,1014969,ASK
1364686335,87.71,0.11401,1014972,ASK
1364686342,87.246,5.99,1014975,BID
1364686348,87.71,0.11401,1014976,ASK
1364686385,87.71,0.109989,1014992,ASK
1364686386,87.71,0.110745,1014998,ASK
1364686386,87.71,0.8957,1014999,ASK
1364686387,87.71,1.62878,1015003,ASK
1364686387,87.716,0.621121,1015007,ASK
1364686388,87.716,1.5E-7,1015012,ASK
1364686388,87.942,0.1,1015013,ASK
1364686388,88.173,0.1,1015014,ASK
1364686388,88.176,0.1,1015015,ASK
1364686388,88.179,0.5957,1015016,ASK
1364686389,87.71,0.895699,1015019,BID
1364686389,87.71,1.95802,1015020,BID
1364686434,88.152,0.400836,1015034,ASK
1364686456,88.152,0.159164,1015041,ASK
1364686479,88.18,0.1,1015055,ASK
1364686479,88.18,0.1,1015056,ASK
1364686480,88.18,0.1,1015057,ASK
1364686480,88.18,0.100603,1015058,ASK
1364686500,88.18,6E-8,1015061,ASK
1364686502,88.18,0.11052,1015063,BID
1364686506,88.18,1E-7,1015068,BID
1364686526,88.181,0.1,1015077,ASK
1364686530,88.185,0.1,1015081,ASK
1364686532,88.185,0.0106485,1015082,BID
1364686561,88.279,0.14214,1015091,ASK
1364686568,88.279,0.11114,1015094,BID
1364686569,88.279,0.0000046,1015095,BID
1364686581,88.279,0.111135,1015099,ASK
1364686620,88.28,0.110667,1015107,ASK
1364686620,88.28,0.7355,1015108,ASK
1364686620,88.28,0.109989,1015114,ASK
1364686666,88.28,0.18088,1015128,ASK
1364686700,88.28,3.649,1015143,ASK
1364686706,88.28,0.00036444,1015144,ASK
1364686706,88.3,0.109625,1015145,ASK
1364686707,88.3,0.563212,1015153,ASK
1364686707,88.3,6.8E-7,1015155,ASK
1364686707,88.305,0.1,1015156,ASK
1364686707,88.305,0.0999993,1015157,ASK
1364686712,88.3,0.18242,1015159,BID
1364686944,88.305,6.9E-7,1015180,ASK
1364686944,88.384,0.1,1015181,ASK
1364686944,88.384,0.1,1015182,ASK
1364686944,88.4,0.688699,1015183,ASK
1364686945,88.4,0.669616,1015187,ASK
1364686945,88.4,0.1,1015188,ASK
1364686945,88.41,0.1,1015189,ASK
1364686945,88.411,0.0190837,1015190,ASK
1364687645,87.808,0.222254,1015242,BID
1364687672,87.808,0.453633,1015248,ASK
1364687672,87.808,0.505,1015249,ASK
1364687673,87.808,0.45291,1015259,ASK
1364687674,87.808,0.505,1015260,ASK
1364687678,87.808,2,1015262,ASK
1364687679,87.807,0.149594,1015267,BID
1364687679,87.807,0.178188,1015268,BID
1364687736,87.808,0.25,1015274,ASK
1364687818,87.801,0.01,1015278,ASK
1364687818,87.808,0.282636,1015279,ASK
1364687862,87.808,0.2,1015280,ASK
1364687879,87.808,2.475,1015283,ASK
1364688709,87.8,6.6,1015319,BID
1364689379,87.808,0.692026,1015338,ASK
1364689772,87.808,3.9,1015360,ASK
1364689817,87.808,7.96104,1015363,ASK
1364689817,87.808,0.271224,1015364,ASK
1364690116,87.8,1.2619,1015381,BID
1364690131,87.8,0.01,1015383,BID
1364690414,87.808,1.62467,1015395,ASK
1364690482,87.808,2.2,1015402,ASK
1364691021,87.808,1.2241,1015416,ASK
1364691021,87.808,0.101346,1015417,ASK
1364691257,87.8,0.114153,1015449,BID
1364691267,88,0.01,1015452,ASK
1364691276,88,0.0160166,1015453,ASK
1364691370,88.333,0.1,1015456,ASK
1364691768,87.803,1.04535,1015482,BID
1364691769,87.803,0.284719,1015485,BID
1364691770,87.803,0.11,1015487,BID
1364691770,87.803,0.9019,1015491,BID
1364691885,88.411,0.0809163,1015508,ASK
1364691885,88.411,0.1,1015509,ASK
1364691885,88.411,0.102287,1015510,ASK
1364691887,88.411,0.11,1015511,BID
1364691890,88.411,0.11,1015515,BID
1364691896,88.411,0.068,1015530,BID
1364691898,88.411,5.83128,1015532,BID
1364691909,88.411,5.14225,1015537,BID
1364691936,88.411,0.277023,1015543,BID
1364691988,88.411,0.0968,1015545,BID
1364692183,88.411,0.1044,1015549,BID
1364692202,88.411,0.652109,1015555,BID
1364692252,88.412,0.1,1015570,ASK
1364692285,88.411,0.2,1015572,BID
1364692654,88.411,0.212328,1015606,BID
1364692683,88.49,1.996,1015612,ASK
1364692683,88.49,0.12181,1015613,ASK
1364692749,88.5,0.1,1015625,ASK
1364692749,88.5,0.184312,1015626,ASK
1364692749,88.5,0.118382,1015627,ASK
1364692773,88.5,0.1,1015628,BID
1364692839,88.512,0.1,1015632,ASK
1364692839,88.512,0.1,1015633,ASK
1364692839,88.55,0.176056,1015634,ASK
1364692839,88.603,0.1,1015635,ASK
1364692839,88.614,0.1,1015636,ASK
1364692839,88.653,0.00327376,1015637,ASK
1364692915,88.49,0.0998,1015641,BID
1364692937,88.49,0.415319,1015642,BID
1364693145,88.653,0.19134,1015659,ASK
1364693213,88.8,0.5,1015674,ASK
1364693238,88.653,0.18569,1015677,BID
1364693285,88.653,0.1022,1015684,BID
1364693371,88.653,0.1,1015689,BID
1364693466,88.653,0.3,1015695,BID
1364693971,88.654,0.1,1015725,BID
1364695734,88.654,0.158926,1015823,BID
1364695881,88.8,0.55,1015827,ASK
1364696123,88.8,1.23,1015856,ASK
1364696123,88.8,0.1996,1015857,ASK
1364696123,88.8,1.06071,1015858,ASK
1364696364,88.8,0.00969,1015865,BID
1364696377,88.8,0.10601,1015867,ASK
1364696377,88.826,0.1,1015868,ASK
1364696377,88.827,0.1,1015869,ASK
1364696377,88.862,0.1,1015870,ASK
1364696377,88.904,0.1,1015871,ASK
1364696377,88.904,0.1,1015872,ASK
1364696377,88.914,0.1,1015873,ASK
1364696377,88.914,0.1,1015874,ASK
1364696377,88.914,0.1,1015875,ASK
1364696377,88.914,0.1,1015876,ASK
1364696377,88.941,0.09277,1015877,ASK
1364696533,88.941,0.10601,1015896,ASK
1364696533,88.96,1.72196,1015897,ASK
1364696533,88.999,2.3952,1015898,ASK
1364696533,88.999,0.134119,1015899,ASK
1364696533,89,0.192065,1015900,ASK
1364696533,89,4.99,1015901,ASK
1364696533,89,0.12658,1015902,ASK
1364696533,89,11.1139,1015903,ASK
1364696696,89,0.015,1015913,ASK
1364697060,88.7,0.0147,1015941,BID
1364697182,89,0.433,1015946,ASK
1364697400,89,2.0104,1015952,ASK
1364697573,89,0.162138,1015964,ASK
1364697573,89.011,0.35,1015965,ASK
1364698732,89.075,0.0300001,1016028,ASK
1364698732,89.075,0.1,1016029,ASK
1364698732,89.075,0.1,1016030,ASK
1364698750,89.079,0.235949,1016031,ASK
1364698750,89.08,0.1,1016032,ASK
1364698750,89.08,0.1,1016033,ASK
1364698750,89.08,0.1,1016034,ASK
1364698750,89.08,0.1,1016035,ASK
1364698750,89.085,0.1,1016036,ASK
1364698750,89.085,0.1,1016037,ASK
1364698750,89.1,1.16405,1016038,ASK
1364698792,89.1,0.135949,1016039,ASK
1364698792,89.105,0.1,1016040,ASK
1364698792,89.105,0.1,1016041,ASK
1364698792,89.105,0.1,1016042,ASK
1364698792,89.225,0.1,1016043,ASK
1364698792,89.225,0.1,1016044,ASK
1364698792,89.225,0.1,1016045,ASK
1364698792,89.274,0.1,1016046,ASK
1364698792,89.339,0.1,1016047,ASK
1364698792,89.339,0.1,1016048,ASK
1364698792,89.339,0.1,1016049,ASK
1364698792,89.339,0.1,1016050,ASK
1364698792,89.357,0.1458,1016051,ASK
1364698803,89.4,0.112255,1016056,BID
1364698824,89.4,0.112255,1016060,BID
1364698839,89.4,0.393742,1016064,BID
1364698848,89.435,0.130965,1016068,ASK
1364698850,89.435,0.144393,1016072,BID
1364698850,89.435,0.144393,1016073,BID
1364698870,89.435,0.080249,1016081,BID
1364698885,89.435,0.029751,1016086,ASK
1364698885,89.436,0.1,1016087,ASK
1364698885,89.452,0.1,1016088,ASK
1364698885,89.452,0.1,1016089,ASK
1364698885,89.5,4.67025,1016090,ASK
1364698905,89.5,0.273797,1016092,ASK
1364698905,89.5,0.5283,1016093,ASK
1364698905,89.5,1.1979,1016094,ASK
1364698914,89.5,4.2,1016095,ASK
1364698931,89.5,0.085,1016096,ASK
1364699086,89.5,0.4,1016106,ASK
1364699133,89.5,0.9865,1016108,ASK
1364699384,89.5,0.15823,1016118,ASK
1364699755,89.5,0.2,1016130,ASK
1364699770,89.5,0.2,1016131,ASK
1364699776,89.5,0.2,1016132,ASK
1364699782,89.5,0.2,1016133,ASK
1364699789,89.5,0.2,1016134,ASK
1364699796,89.5,0.2,1016135,ASK
1364699802,89.5,0.2,1016136,ASK
1364699807,89.5,0.2,1016137,ASK
1364699813,89.5,0.2,1016138,ASK
1364699819,89.5,0.2,1016139,ASK
1364699825,89.5,0.2,1016140,ASK
1364699831,89.5,0.2,1016141,ASK
1364699836,89.5,0.2,1016142,ASK
1364699841,89.5,0.2,1016143,ASK
1364699846,89.5,0.2,1016144,ASK
1364699852,89.5,0.2,1016146,ASK
1364699857,89.5,0.2,1016147,ASK
1364699862,89.5,0.2,1016148,ASK
1364699868,89.5,0.2,1016149,ASK
1364699873,89.5,0.2,1016151,ASK
1364699877,89.5,0.2,1016153,ASK
1364699885,89.5,0.2,1016154,ASK
1364699891,89.5,0.2,1016155,ASK
1364699897,89.5,0.3,1016157,ASK
1364699903,89.5,0.3,1016158,ASK
1364699909,89.5,0.3,1016159,ASK
1364699920,89.5,0.3,1016160,ASK
1364699925,89.5,0.789087,1016161,ASK
1364699931,89.5,0.648547,1016162,ASK
1364700093,89.5,1.70815,1016172,ASK
1364700262,89.5,0.1,1016175,ASK
1364700728,89.5,0.268718,1016193,ASK
1364701708,89.499,4.91621,1016245,ASK
1364702116,89.4,6E-8,1016270,BID
1364702129,89.4,2.004,1016271,ASK
1364702129,89.494,10,1016272,ASK
1364702129,89.495,2.90196,1016273,ASK
1364702129,89.497,2,1016274,ASK
1364702129,89.5,0.0940434,1016275,ASK
1364702355,89.499,0.30216,1016309,ASK
1364702355,89.5,16.951,1016310,ASK
1364702355,89.5,13.578,1016311,ASK
1364702902,88.707,2,1016348,BID
1364703320,88.678,1.1,1016362,BID
1364703320,88.678,0.14699,1016363,BID
1364703325,88.678,3.37571,1016364,ASK
1364703806,89.399,0.10779,1016384,ASK
1364703806,89.399,0.14551,1016385,ASK
1364703816,89.4,3,1016386,ASK
1364703877,89.69,0.1,1016387,ASK
1364704005,89.5,10,1016398,ASK
1364704097,89.49,0.2305,1016403,ASK
1364704465,88.684,0.1,1016424,BID
1364704465,88.683,0.10844,1016425,BID
1364704465,88.682,0.16656,1016426,BID
1364704654,89.646,0.1,1016436,ASK
1364704654,89.647,0.12,1016437,ASK
1364704959,89.496,0.123395,1016468,ASK
1364704973,89.497,0.11,1016476,BID
1364704974,89.497,0.79,1016483,BID
1364704974,88.678,0.0966,1016484,BID
1364704976,88.678,0.4034,1016489,BID
1364704976,88.678,0.4027,1016490,BID
1364704992,89.497,0.11,1016495,ASK
1364705070,89,0.130041,1016503,BID
1364705262,89.4,0.102853,1016510,ASK
1364705317,89.575,0.15434,1016513,ASK
1364705318,89.575,0.0798,1016514,BID
1364705331,89.522,0.898,1016515,ASK
1364705443,89.5,1.70473,1016520,ASK
1364705473,89.6,0.0848,1016521,ASK
1364705694,89.6,0.289593,1016531,BID
1364705936,89.5,0.25,1016550,BID
1364706031,89.5,0.453215,1016561,BID
1364706102,89.5,0.0111612,1016566,BID
1364706169,89.6,0.36,1016579,ASK
1364706265,89.65,0.1437,1016586,ASK
1364706338,89.65,1.73435,1016593,ASK
1364706338,89.65,1.3886,1016594,ASK
1364706338,89.691,3.68022,1016595,ASK
1364706436,89.65,0.112945,1016602,BID
1364706456,89.65,0.175234,1016612,BID
1364706457,89.65,0.148521,1016619,BID
1364706457,89.61,0.348579,1016620,BID
1364706458,89.61,0.4971,1016623,BID
1364706539,89.701,0.323755,1016628,ASK
1364706539,89.702,0.16455,1016629,ASK
1364706539,89.703,1.69647,1016630,ASK
1364706539,89.704,6.88045,1016631,ASK
1364706580,89.723,0.1,1016633,ASK
1364706580,89.757,0.116401,1016634,ASK
1364706580,89.759,0.859966,1016635,ASK
1364706580,89.76,2,1016636,ASK
1364706580,89.784,0.1,1016637,ASK
1364706580,89.784,0.1,1016638,ASK
1364706580,89.784,0.1,1016639,ASK
1364706580,89.8,3,1016640,ASK
1364706580,89.8,0.5,1016641,ASK
1364706598,89.723,0.0354186,1016642,BID
1364706755,89.72,2.34407,1016653,ASK
1364706755,89.721,0.118935,1016654,ASK
1364706755,89.723,0.0645814,1016655,ASK
1364706755,89.831,0.1,1016656,ASK
1364706755,89.84,0.1018,1016657,ASK
1364706755,89.875,2.24061,1016658,ASK
1364707215,89.5,0.192,1016687,BID
1364707216,89.5,0.11,1016691,BID
1364707216,89.5,0.192,1016693,BID
1364707217,89.5,0.192,1016697,BID
1364707238,89.5,0.112052,1016706,BID
1364707254,89.5,0.439529,1016707,BID
1364707261,89.5,0.112052,1016712,BID
1364707283,89.5,0.11,1016713,BID
1364707753,89.5,0.4,1016735,BID
1364708521,89.117,0.3621,1016776,ASK
1364708592,89.015,0.01,1016780,BID
1364709898,89.777,0.111026,1016837,ASK
1364709898,89.778,0.11215,1016838,ASK
1364709898,89.78,0.326824,1016839,ASK
1364710215,89.778,0.104222,1016857,ASK
1364710217,89.778,0.104222,1016860,BID
1364710218,89.778,0.1307,1016866,BID
1364710258,89.778,0.94,1016868,BID
1364710391,89.778,2,1016884,BID
1364710451,89.778,0.192465,1016895,BID
1364710462,89.778,0.111672,1016901,BID
1364710472,89.778,0.0811,1016903,BID
1364710523,89.778,0.626018,1016916,BID
1364710713,89.7,0.308647,1016947,ASK
1364710713,89.77,1.14089,1016948,ASK
1364710757,89.77,3.83894,1016951,BID
1364710847,89.77,0.214306,1016961,BID
1364710934,89.77,0.229295,1016968,BID
1364711023,89.78,0.446825,1016979,ASK
1364711023,89.791,0.0531748,1016980,ASK
1364711327,89.77,0.911123,1016992,BID
1364711328,89.791,0.346825,1016993,ASK
1364711328,89.792,0.3,1016994,ASK
1364711328,89.793,4.16555,1016995,ASK
1364711328,89.793,0.3,1016996,ASK
1364711328,89.795,0.4,1016997,ASK
1364711328,89.797,0.7,1016998,ASK
1364711328,89.798,0.6,1016999,ASK
1364711328,89.799,0.6,1017000,ASK
1364711328,89.8,0.02,1017001,ASK
1364711328,89.8,1.08041,1017002,ASK
1364711328,89.81,2.48,1017003,ASK
1364711328,89.81,1,1017004,ASK
1364711328,89.85,2.64,1017005,ASK
1364711328,89.873,0.919677,1017006,ASK
1364711328,89.875,0.759387,1017007,ASK
1364711328,89.88,2.68815,1017008,ASK
1364711612,89.77,4.01754,1017020,BID
1364711701,89.77,0.157401,1017025,BID
1364711745,89.77,3.48118,1017030,BID
1364712183,89.84,0.023,1017057,ASK
1364712501,89.77,0.114739,1017064,BID
1364712576,89.83,1.09531,1017072,ASK
1364712576,89.84,0.1419,1017073,ASK
1364712576,89.88,0.311848,1017074,ASK
1364712581,89.77,20,1017079,BID
1364712621,89.77,0.106232,1017086,BID
1364712621,89.77,2.99399,1017088,BID
1364712656,89.77,0.112363,1017174,BID
1364713067,89.77,0.12,1017197,BID
1364713158,89.77,0.47637,1017206,BID
1364713371,89.77,6.77698,1017232,BID
1364713602,89.307,0.252407,1017241,BID
1364713873,89.769,5.39544,1017258,ASK
1364713873,89.77,10.7013,1017259,ASK
1364713923,89.307,1.01,1017266,BID
1364713927,89.307,3.33058,1017267,BID
1364713974,89.3,0.1027,1017272,BID
1364713974,89.256,0.192859,1017273,BID
1364713974,89.249,0.964378,1017274,BID
1364713974,89.1,0.1,1017275,BID
1364713974,89.096,0.1,1017276,BID
1364713974,89.095,0.1,1017277,BID
1364713974,89.094,0.1,1017278,BID
1364714022,89.093,0.1,1017292,BID
1364714025,89.093,0.11224,1017293,ASK
1364714027,89.093,0.021989,1017295,ASK
1364714067,89.101,0.173051,1017308,BID
1364714067,89.1,0.826949,1017309,BID
1364714105,89.1,1,1017315,BID
1364714197,89.1,1,1017317,BID
1364714264,89.1,0.0507652,1017330,BID
1364714264,89.092,0.1,1017331,BID
1364714264,89.091,0.1,1017332,BID
1364714264,89.09,0.1,1017333,BID
1364714264,89.08,0.1,1017334,BID
1364714264,89.06,0.5,1017335,BID
1364714264,89.025,5.46383,1017336,BID
1364714264,89.024,1.2,1017337,BID
1364714264,89.022,1.18958,1017338,BID
1364714264,89.021,2.59939,1017339,BID
1364714264,89.02,3.70055,1017340,BID
1364714264,89.011,4.11984,1017341,BID
1364714264,88.653,0.111069,1017342,BID
1364714264,88.52,10,1017343,BID
1364714264,88.5,2.66,1017344,BID
1364714264,88.5,2.9194,1017345,BID
1364714264,88.422,4.46049,1017346,BID
1364714264,88.421,1.1744,1017347,BID
1364714264,88.42,14.4507,1017348,BID
1364714537,89.75,0.3,1017358,ASK
1364714559,88.502,0.1,1017360,BID
1364714559,88.502,0.945295,1017361,BID
1364714569,89.745,0.1,1017362,ASK
1364714687,88.751,0.1,1017372,BID
1364714732,89.6,0.4599,1017374,BID
1364714840,89.711,0.1,1017381,ASK
1364714876,89.707,0.2,1017382,ASK
1364714902,89.697,0.0632227,1017383,ASK
1364715812,89.379,0.1,1017450,ASK
1364715910,88.751,2,1017455,ASK
1364716011,89.1,0.344922,1017465,ASK
1364716297,89,1,1017485,BID
1364716694,89,0.11,1017533,BID
1364716849,89,0.551021,1017558,BID
1364717025,89.001,0.0225,1017581,BID
1364717025,89,0.0901708,1017582,BID
1364717047,89,0.112671,1017591,BID
1364717230,89.275,0.239248,1017608,ASK
1364717230,89.276,0.2265,1017609,ASK
1364717230,89.276,1,1017610,ASK
1364717230,89.286,0.857657,1017611,ASK
1364717230,89.39,0.943404,1017612,ASK
1364717230,89.4,0.844156,1017613,ASK
1364717230,89.5,0.12623,1017614,ASK
1364717230,89.7,1.3091,1017615,ASK
1364717243,89.699,0.0172546,1017618,ASK
1364717414,89.05,0.11,1017632,BID
1364717417,89.051,0.0225,1017635,BID
1364717421,89.051,0.0225,1017638,ASK
1364717441,89.05,0.450381,1017639,BID
1364717653,89.05,0.0145,1017661,BID
1364718295,89.05,0.11,1017703,BID
1364718296,89.05,0.1316,1017705,BID
1364718297,89.05,0.1316,1017713,BID
1364718323,89.05,0.12211,1017720,BID
1364718334,89.05,0.111227,1017724,BID
1364718704,89.05,0.25,1017745,BID
1364719004,89.051,0.065,1017757,ASK
1364719004,89.1,13.5467,1017758,ASK
1364719298,89.05,1.36205,1017793,BID
1364719356,89.05,0.00000611,1017807,BID
1364719356,89,1.61114,1017808,BID
1364719356,89,0.801,1017809,BID
1364719374,88.824,0.184976,1017810,BID
1364719374,88.762,1.2,1017811,BID
1364719422,88.761,0.905181,1017818,BID
1364719426,88.761,0.112971,1017822,BID
1364719463,88.761,0.221176,1017829,BID
1364719464,88.76,3.04574,1017830,BID
1364719486,88.757,0.668285,1017831,BID
1364719486,88.75,0.2,1017832,BID
1364719486,88.75,3.2041,1017833,BID
1364719519,88.71,1,1017838,BID
1364719549,88.71,0.668279,1017845,BID
1364719613,88.71,0.0561,1017858,BID
1364719614,88.72,0.0561,1017861,BID
1364719639,88.761,0.378824,1017862,ASK
1364719653,88.72,0.082,1017867,BID
1364719654,88.72,0.11,1017868,BID
1364719654,88.72,0.082,1017872,BID
1364719665,89.099,0.761773,1017880,ASK
1364719665,89.099,0.397874,1017881,ASK
1364719665,89.1,1.49,1017882,ASK
1364719665,89.1,1,1017883,ASK
1364719665,89.367,0.185147,1017884,ASK
1364719666,89.367,0.315393,1017885,BID
1364719666,89.367,0.721504,1017887,BID
1364719667,89.367,0.8038,1017893,BID
1364719668,89.367,0.87061,1017896,BID
1364719668,89.367,6E-8,1017899,BID
1364719668,88.73,0.8038,1017900,BID
1364719670,88.73,0.8024,1017906,BID
1364719675,89.366,0.0108766,1017908,ASK
1364719699,88.733,1.93552,1017916,BID
1364719701,89,0.738636,1017918,ASK
1364719701,89.367,0.11,1017919,ASK
1364719701,89.367,0.110842,1017920,ASK
1364719701,89.367,0.111334,1017921,ASK
1364719701,89.699,0.346478,1017922,ASK
1364719701,89.699,1.02831,1017923,ASK
1364719756,88.734,0.1,1017932,BID
1364719756,88.733,0.00000549,1017933,BID
1364719764,88.733,0.265483,1017934,ASK
1364719764,88.734,1,1017935,ASK
1364719806,88.74,0.026352,1017939,BID
1364719806,88.701,3.41263,1017940,BID
1364719806,88.7,96.561,1017941,BID
1364719830,88.886,0.11265,1017945,BID
1364719832,88.886,0.226042,1017948,BID
1364719833,88.886,0.2124,1017970,BID
1364719834,88.886,0.2124,1017974,BID
1364720029,88.701,0.11,1017991,BID
1364720112,88.701,1.4857,1017998,BID
1364720177,88.701,0.908464,1018001,BID
1364720213,88.701,0.0915364,1018004,ASK
1364720271,88.701,0.3,1018007,BID
1364720326,88.701,0.0626954,1018010,BID
1364720336,88.701,0.137997,1018012,ASK
1364720454,89.443,0.1,1018027,ASK
1364720454,89.445,0.161252,1018028,ASK
1364720454,89.449,0.738748,1018029,ASK
1364720578,88.701,0.07,1018037,BID
1364720598,88.7,0.111396,1018040,BID
1364720599,88.7,0.736991,1018043,BID
1364720600,88.7,0.6086,1018047,BID
1364720601,88.7,0.6086,1018050,BID
1364720601,88.7,2.75191,1018051,BID
1364720898,88.701,0.012,1018064,BID
1364721030,89.263,1.76,1018073,ASK
1364721204,88.701,0.08742,1018084,BID
1364721215,88.701,0.1,1018085,ASK
1364721474,88.7,0.190825,1018112,BID
1364721621,89.202,0.8855,1018127,ASK
1364722276,88.702,0.269622,1018172,BID
1364722278,88.702,0.2843,1018179,BID
1364722716,88.702,0.3117,1018204,BID
1364722716,88.702,0.11,1018205,BID
1364722717,88.702,0.3117,1018212,BID
1364722736,88.702,0.107366,1018215,BID
1364722899,88.999,0.310396,1018231,ASK
1364722899,89,0.8093,1018232,ASK
1364722899,89.13,0.5,1018233,ASK
1364722899,89.14,0.57,1018234,ASK
1364722899,89.15,0.56,1018235,ASK
1364722899,89.16,0.4,1018236,ASK
1364722899,89.16,0.37,1018237,ASK
1364722899,89.17,1.66012,1018238,ASK
1364722899,89.18,0.71,1018239,ASK
1364722899,89.19,1,1018240,ASK
1364722899,89.212,0.15,1018241,ASK
1364722899,89.6,0.102495,1018242,ASK
1364722899,89.696,5.4277,1018243,ASK
1364722899,89.697,1,1018244,ASK
1364722899,89.7,3.14247,1018245,ASK
1364722899,89.715,3.52294,1018246,ASK
1364722899,89.747,3,1018247,ASK
1364722899,89.758,3,1018248,ASK
1364722899,89.76,3,1018249,ASK
1364722899,89.768,3.06892,1018250,ASK
1364722899,89.769,2.58613,1018251,ASK
1364722899,89.769,2,1018252,ASK
1364722899,89.77,43.1449,1018253,ASK
1364723022,89.766,0.87401,1018283,ASK
1364723022,89.768,0.9,1018284,ASK
1364723022,89.77,11.3769,1018285,ASK
1364723022,89.77,0.62309,1018286,ASK
1364723022,89.8,3.43,1018287,ASK
1364723022,89.813,0.1,1018288,ASK
1364723022,89.882,0.1,1018289,ASK
1364723022,89.882,0.1,1018290,ASK
1364723022,89.882,0.1,1018291,ASK
1364723022,89.882,0.1,1018292,ASK
1364723022,89.89,0.3,1018293,ASK
1364723022,89.9,0.0918973,1018294,ASK
1364723022,89.9,0.07,1018295,ASK
1364723022,89.98,0.237288,1018296,ASK
1364723022,89.99,0.42,1018297,ASK
1364723022,89.99,0.56,1018298,ASK
1364723022,89.998,2.0168,1018299,ASK
1364723055,89.766,1,1018315,BID
1364723056,89.766,6E-8,1018322,BID
1364723056,89.013,0.1,1018323,BID
1364723056,89.012,0.7016,1018324,BID
1364723058,89.012,0.183174,1018331,BID
1364723058,89.01,0.103,1018332,BID
1364723058,88.717,0.515426,1018333,BID
1364723228,89.5,0.4114,1018410,BID
1364723229,89.5,0.4114,1018414,BID
1364723255,89.508,2.80589,1018451,BID
1364723269,89.508,1.39598,1018456,BID
1364723270,89.508,0.805,1018465,BID
1364723272,89.508,0.805,1018470,BID
1364723305,89.6,0.6772,1018486,BID
1364723346,89.6,7E-8,1018500,BID
1364723346,89.018,0.265174,1018501,BID
1364723442,89.018,0.684826,1018512,BID
1364723442,89.018,6E-8,1018515,BID
1364723442,89.01,0.15,1018516,BID
1364723442,89.01,1.2E-7,1018517,BID
1364723442,89,0.15,1018518,BID
1364723494,89,1.8E-7,1018522,BID
1364723498,88.717,0.1,1018523,BID
1364723521,88.717,2.87535,1018526,BID
1364723527,88.717,1.42,1018527,ASK
1364723558,88.717,1.10385,1018531,ASK
1364723575,88.717,0.316152,1018532,BID
1364723575,88.717,0.893848,1018533,BID
1364723597,88.717,0.15,1018535,BID
1364723608,89.351,0.105881,1018536,ASK
1364724003,88.72,1.9195,1018613,BID
1364724196,89,0.1065,1018632,ASK
1364724256,88.721,0.122,1018643,BID
1364724305,88.722,1.2,1018658,BID
1364724305,88.721,0.843704,1018659,BID
1364724305,88.72,0.644365,1018660,BID
1364724305,88.72,2.02963,1018661,BID
1364724305,88.72,0.5,1018662,BID
1364724534,88.719,0.144777,1018706,BID
1364724840,88.725,1.94,1018794,BID
1364725579,88.725,0.0599967,1018944,BID
1364725579,88.725,1.73782,1018946,BID
1364725830,88.73,0.056,1019027,BID
1364725831,88.73,0.056,1019033,BID
1364725925,88.85,0.097,1019038,ASK
1364726076,88.73,0.5023,1019058,BID
1364726077,88.73,0.5023,1019067,BID
1364726134,88.85,0.0484885,1019084,ASK
1364726217,89,0.8935,1019098,ASK
1364726217,89,0.1,1019099,ASK
1364726217,89.288,0.1,1019100,ASK
1364726217,89.288,0.1,1019101,ASK
1364726217,89.288,0.1,1019102,ASK
1364726217,89.288,0.1,1019103,ASK
1364726217,89.4,0.15,1019104,ASK
1364726217,89.412,0.267026,1019105,ASK
1364726217,89.415,0.19987,1019106,ASK
1364726217,89.47,0.666396,1019107,ASK
1364726217,89.856,1.09347,1019108,ASK
1364726217,89.86,1.2,1019109,ASK
1364726217,89.92,1.91566,1019110,ASK
1364726217,89.929,1.2,1019111,ASK
1364726217,89.93,2.16,1019112,ASK
1364726217,89.94,2.43,1019113,ASK
1364726217,89.95,3.59,1019114,ASK
1364726217,89.96,3.71,1019115,ASK
1364726217,89.98,4.68,1019116,ASK
1364726217,89.997,7.63958,1019117,ASK
1364726217,89.998,0.0491956,1019118,ASK
1364726217,89.999,1,1019119,ASK
1364726217,89.999,0.15,1019120,ASK
1364726217,90,0.23,1019121,ASK
1364726217,90,2.44859,1019122,ASK
1364726217,90,5,1019123,ASK
1364726217,90,2.30927,1019124,ASK
1364726217,90,0.45,1019125,ASK
1364726217,90,0.464605,1019126,ASK
1364726217,90,4.99,1019127,ASK
1364726217,90,0.276049,1019128,ASK
1364726217,90,1.99997,1019129,ASK
1364726217,90,0.3,1019130,ASK
1364726217,90,5.54689,1019131,ASK
1364726217,90,1.8,1019132,ASK
1364726217,90,0.176668,1019133,ASK
1364726217,90,2.47728,1019134,ASK
1364726217,90,0.1904,1019135,ASK
1364726217,90,0.433807,1019136,ASK
1364726217,90,0.501189,1019137,ASK
1364726217,90,2.06821,1019138,ASK
1364726217,90,0.276896,1019139,ASK
1364726217,90,0.287309,1019140,ASK
1364726217,90,0.75,1019141,ASK
1364726217,90,0.2345,1019142,ASK
1364726217,90,3.29366,1019143,ASK
1364726267,89.969,0.138199,1019154,ASK
1364726267,89.97,1.11437,1019155,ASK
1364726267,89.976,5.46931,1019156,ASK
1364726267,89.977,1.2,1019157,ASK
1364726267,89.979,4.10645,1019158,ASK
1364726267,90,2.97167,1019159,ASK
1364726357,88.733,0.1,1019178,BID
1364726357,88.733,0.4,1019179,BID
1364726547,88.736,0.139574,1019197,BID
1364726548,88.736,0.1321,1019202,BID
1364726861,88.738,1.7382,1019281,BID
1364726988,88.738,0.112956,1019296,BID
1364727010,88.738,0.112956,1019300,BID
1364727032,88.738,0.112956,1019305,BID
1364727053,88.738,0.112956,1019311,BID
1364727075,88.738,0.112956,1019317,BID
1364727127,88.738,0.392721,1019321,BID
1364727186,88.738,1.1883,1019356,BID
1364727187,88.738,0.37803,1019359,BID
1364727187,88.737,0.81027,1019360,BID
1364727629,88.738,0.783165,1019407,BID
1364727629,88.737,0.389243,1019408,BID
1364727629,88.737,0.558093,1019409,BID
1364727630,88.737,1.7305,1019419,BID
1364727636,88.738,0.113035,1019420,ASK
1364727636,88.738,0.278547,1019421,ASK
1364728576,88.74,0.27,1019487,BID
1364728817,88.742,0.195778,1019500,BID
1364728817,88.741,3.05077,1019501,BID
1364729035,88.78,0.310859,1019517,BID
1364729626,89.147,0.5,1019538,ASK
1364729654,89.14,0.596,1019541,ASK
1364729694,89.139,0.1,1019544,ASK
1364729694,89.14,1.9,1019545,ASK
1364729824,89.13,0.1,1019562,ASK
1364730070,88.8,1,1019597,BID
1364732586,89.14,0.33393,1019837,ASK
1364732586,89.15,0.055,1019838,ASK
1364732586,89.5,0.871951,1019839,ASK
1364732883,89.616,1.8653,1019865,ASK
1364733282,89.616,0.101556,1019888,BID
1364733369,89.616,10.2657,1019896,BID
1364733380,89.616,20,1019902,ASK
1364733380,89.7,2.78356,1019903,ASK
1364733396,89.745,0.302162,1019904,ASK
1364733396,89.746,1.4,1019905,ASK
1364733396,89.747,5.78267,1019906,ASK
1364733396,89.747,0.536867,1019907,ASK
1364733616,89.042,3.53863,1019924,BID
1364733616,89.042,1,1019925,BID
1364733811,89.11,0.0998,1019956,BID
1364734177,89.745,0.998,1019974,ASK
1364734234,89.746,2.20623,1019978,ASK
1364734237,89.745,1.774,1019979,BID
1364734546,89.203,0.0998,1019999,ASK
1364734546,89.746,4.58196,1020000,ASK
1364734673,89.203,0.155,1020007,BID
1364734673,89.203,1.685,1020008,BID
1364734684,89.739,0.704924,1020009,ASK
1364735119,89.211,0.0205,1020035,BID
1364735120,89.211,0.0995914,1020036,BID
1364735120,89.21,5.87991,1020037,BID
1364735231,89.736,0.393154,1020050,ASK
1364735231,89.736,1.68163,1020051,ASK
1364735231,89.747,0.302162,1020052,ASK
1364735231,89.78,0.334342,1020053,ASK
1364735231,89.8,24.9442,1020054,ASK
1364735231,89.8,0.104671,1020055,ASK
1364735285,89.8,0.1,1020067,BID
1364735307,89.8,0.11161,1020073,BID
1364735316,89.8,0.202459,1020074,BID
1364735317,89.8,0.352327,1020075,BID
1364735403,89.8,0.0734361,1020084,BID
1364735403,89.202,0.0265639,1020085,BID
1364735417,89.202,1.74744,1020087,BID
1364735417,89.2,8.98,1020088,BID
1364735417,89.2,0.1,1020089,ASK
1364735564,89.049,0.827667,1020097,BID
1364736073,89.049,0.0275,1020163,BID
1364736221,89.049,0.439015,1020258,BID
1364736221,89.04,0.173668,1020259,BID
1364736221,89.02,0.327317,1020260,BID
1364736869,89.25,0.056,1020387,BID
1364736869,89.022,0.0934,1020388,BID
1364737059,89.1,1,1020409,ASK
1364737252,89.022,0.1,1020420,BID
1364737260,89.022,0.4466,1020421,BID
1364737293,89.022,0.354695,1020431,ASK
1364737401,89.02,4.67268,1020453,BID
1364737401,89.002,0.868796,1020454,BID
1364737401,89,0.279447,1020455,BID
1364737401,89,0.15,1020456,BID
1364737401,88.8,1.91882,1020457,BID
1364737401,88.8,6.8,1020458,BID
1364737415,88.74,5.28048,1020459,BID
1364737443,88.737,0.114903,1020460,BID
1364737443,88.737,0.0769636,1020461,BID
1364737443,88.735,0.1,1020462,BID
1364737443,88.735,0.982939,1020463,BID
1364737443,88.731,4.49073,1020464,BID
1364737460,88.729,0.170991,1020488,BID
1364737460,88.72,1.2,1020489,BID
1364737460,88.716,4.6993,1020490,BID
1364737482,88.73,0.232315,1020497,BID
1364737482,88.71,3.5,1020498,BID
1364737482,88.709,3.5,1020499,BID
1364737482,88.7,0.156906,1020500,BID
1364737482,88.7,3.00678,1020501,BID
1364737764,88.71,0.102142,1020556,BID
1364737932,88.751,0.130173,1020590,BID
1364737932,88.75,3.55983,1020591,BID
1364738126,88.75,0.0108,1020612,BID
1364738772,89,0.49,1020664,ASK
1364738883,89.375,1.5,1020680,ASK
1364738959,89.375,1.5,1020691,ASK
1364739034,89.2,0.131883,1020727,ASK
1364739034,89.374,0.1,1020728,ASK
1364739034,89.375,0.0205215,1020729,ASK
1364739034,89.382,0.666817,1020730,ASK
1364739034,89.383,0.251971,1020731,ASK
1364739034,89.468,0.225896,1020732,ASK
1364739034,89.469,0.799968,1020733,ASK
1364739034,89.47,0.242944,1020734,ASK
1364739366,89,1,1020801,BID
1364739427,89,0.03,1020838,BID
1364739428,88.763,0.082246,1020839,BID
1364739441,88.763,0.584909,1020842,BID
1364739471,88.763,7E-8,1020849,BID
1364740400,89.39,0.019,1021221,ASK
1364740490,88.764,0.75,1021309,BID
1364740714,88.765,2.3185,1021471,BID
1364740714,88.764,0.127423,1021473,BID
1364740714,88.763,1.14728,1021474,BID
1364740715,88.763,1.4366,1021481,BID
1364740716,88.763,0.101,1021484,BID
1364740717,88.763,0.101,1021487,BID
1364740719,88.763,0.101,1021489,BID
1364740749,88.764,0.877447,1021501,ASK
1364740752,88.763,0.101,1021503,BID
1364740754,88.763,0.101,1021507,BID
1364740770,88.765,0.101,1021522,ASK
1364740783,89.4,0.58825,1021528,ASK
1364740783,89.401,1.22332,1021529,ASK
1364740822,89.392,0.3,1021552,ASK
1364740831,89.392,2.53068,1021560,ASK
1364740831,89.4,0.2,1021561,ASK
1364740831,89.401,0.58825,1021562,ASK
1364740833,89.401,0.8018,1021568,BID
1364740834,89.401,0.685528,1021569,BID
1364740834,89.401,5.12584,1021572,BID
1364740835,89.401,2.69661,1021573,BID
1364740918,89.401,0.177222,1021599,BID
1364740990,89.401,0.369811,1021633,BID
1364740991,89.401,0.3766,1021642,BID
1364740991,89.401,0.101,1021646,BID
1364740992,89.401,0.3766,1021649,BID
1364741069,89.409,0.365089,1021654,ASK
1364741088,89.401,0.0998,1021658,BID
1364741261,89.401,0.207994,1021681,BID
1364741632,89.399,4.10588,1021738,ASK
1364741632,89.407,0.875668,1021739,ASK
1364741632,89.407,0.318453,1021740,ASK
1364741653,88.8,0.01,1021742,BID
1364741765,88.807,0.879,1021755,BID
1364741785,88.9,0.124131,1021758,ASK
1364741909,89.407,0.0636636,1021768,ASK
1364742025,88.909,0.0115,1021775,BID
1364742155,88.909,4.30993,1021789,BID
1364742156,89.407,0.19451,1021790,ASK
1364742216,88.909,0.2,1021793,BID
1364742379,88.909,0.01,1021821,BID
1364743727,88.92,0.028959,1021950,BID
1364743727,88.91,0.110741,1021951,BID
1364743769,89.35,0.2272,1021953,ASK
1364743896,89.35,0.650042,1021958,ASK
1364743896,89.407,0.423374,1021959,ASK
1364743896,89.409,0.300732,1021960,ASK
1364743896,89.409,0.282538,1021961,ASK
1364743896,89.47,0.1,1021962,ASK
1364743896,89.47,0.2,1021963,ASK
1364743896,89.471,1,1021964,ASK
1364743896,89.471,1,1021965,ASK
1364743896,89.472,1.08078,1021966,ASK
1364743896,89.474,3,1021967,ASK
1364743896,89.482,3,1021968,ASK
1364743896,89.489,3,1021969,ASK
1364743896,89.5,2.6759,1021970,ASK
1364743896,89.694,5.86325,1021971,ASK
1364743896,89.694,0.131337,1021972,ASK
1364743896,89.695,2.24438,1021973,ASK
1364743896,89.695,0.998,1021974,ASK
1364743896,89.695,0.169514,1021975,ASK
1364743896,89.696,1.36931,1021976,ASK
1364743896,89.697,2.87715,1021977,ASK
1364743896,89.698,2.3165,1021978,ASK
1364743896,89.699,2.27035,1021979,ASK
1364743896,89.883,0.892629,1021980,ASK
1364743896,89.884,0.306197,1021981,ASK
1364743896,89.884,0.36212,1021982,ASK
1364743896,89.884,2.33664,1021983,ASK
1364743896,89.889,6,1021984,ASK
1364743896,89.89,12.2081,1021985,ASK
1364743896,89.89,0.2,1021986,ASK
1364743896,89.898,4.48175,1021987,ASK
1364743896,89.899,0.179,1021988,ASK
1364743896,89.899,1.19711,1021989,ASK
1364743896,89.9,16.8833,1021990,ASK
1364743934,89.742,1.32,1022000,ASK
1364743934,89.899,2.92234,1022001,ASK
1364743934,89.9,0.757663,1022002,ASK
1364744059,89.879,0.409162,1022012,ASK
1364744059,89.879,0.870838,1022013,ASK
1364744097,89.879,0.226131,1022020,ASK
1364744289,89.207,0.218719,1022057,BID
1364744306,89.207,0.0381,1022063,BID
1364744307,89.207,0.0381,1022071,BID
1364744309,89.207,1.02208,1022072,BID
1364744535,89.879,0.151,1022082,ASK
1364744595,89.879,0.127607,1022088,ASK
1364744596,89.879,0.012393,1022091,BID
1364744698,89.4,1,1022137,BID
1364744698,89.3,0.8495,1022138,BID
1364744921,89.301,0.116,1022194,BID
1364744958,89.301,4.084,1022196,ASK
1364745038,89.3,0.1,1022203,BID
1364745076,89.3,0.0462647,1022210,BID
1364745088,89.3,0.1,1022229,ASK
1364745102,89.3,0.943735,1022278,ASK
1364745106,89.208,0.18978,1022320,BID
1364745114,89.208,0.0104059,1022324,BID
1364745114,89.208,0.364754,1022325,BID
1364745141,89.21,0.177561,1022329,BID
1364745175,89.3,0.88,1022361,ASK
1364745218,89.21,0.177476,1022371,BID
1364745302,89.21,0.31095,1022391,BID
1364745318,89.21,1.01715,1022394,ASK
1364745469,89.208,0.26068,1022429,BID
1364745482,89.29,2.28334,1022430,ASK
1364745482,89.3,9.25082,1022431,ASK
1364745489,89.208,0.374565,1022440,BID
1364745492,89.3,10.6682,1022454,ASK
1364745606,89.102,1.2,1022495,BID
1364745618,89.102,0.8,1022497,ASK
1364746061,89.102,0.1626,1022614,BID
1364746492,89.102,0.683188,1022676,BID
1364746667,89.102,0.352462,1022706,BID
1364746680,89.102,0.0406,1022711,BID
1364746839,89.5,0.1,1022744,ASK
1364746839,89.705,0.263021,1022745,ASK
1364747198,89.11,0.362295,1022816,BID
1364747594,89.12,20,1022877,BID
1364747594,89.11,0.165705,1022878,BID
1364747594,89.11,0.5,1022879,BID
1364747594,89.11,4.1321,1022880,BID
1364747594,89.102,0.32115,1022881,BID
1364747594,89.101,7.70097,1022882,BID
1364747594,89.1,20.13,1022883,BID
1364747594,89.072,2.05007,1022884,BID
1364747612,89.688,1.17931,1022885,ASK
1364747612,89.693,0.136,1022886,ASK
1364747612,89.693,1.07442,1022887,ASK
1364747612,89.796,0.487449,1022888,ASK
1364747612,89.798,0.5,1022889,ASK
1364747612,89.8,0.993773,1022890,ASK
1364747612,89.853,0.177206,1022891,ASK
1364747612,89.868,0.905304,1022892,ASK
1364747612,89.869,3.082,1022893,ASK
1364747612,89.869,0.112475,1022894,ASK
1364747612,89.899,5.37591,1022895,ASK
1364747612,89.9,1.97614,1022896,ASK
1364747873,89.145,0.548179,1022953,BID
1364747873,89.132,0.669123,1022954,BID
1364747933,89.077,3.1727,1022967,BID
1364748026,89.699,0.560037,1022986,ASK
1364748038,89.699,0.359421,1022987,ASK
1364748158,89.697,0.110424,1023003,ASK
1364748158,89.697,0.0895761,1023004,ASK
1364749277,89.599,0.994011,1023136,ASK
1364749539,89.152,0.262,1023184,BID
1364749735,89.152,0.738,1023203,BID
1364749738,89.151,1,1023205,BID
1364749738,89.151,1.17,1023206,BID
1364749837,89.15,0.0938476,1023215,BID
1364750330,89.15,0.1,1023381,BID
1364750679,89.151,5,1023477,BID
1364750715,89.151,0.101883,1023484,BID
1364750746,89.151,0.0981172,1023499,ASK
1364750849,89.15,0.806152,1023530,BID
1364750849,89.15,1,1023531,BID
1364751136,89.145,1,1023575,BID
1364751175,89.135,1,1023580,BID
1364751183,89.134,1.7,1023582,BID
1364751200,89.134,0.0549556,1023585,ASK
1364751211,89.133,1,1023586,BID
1364751211,89.123,1,1023587,BID
1364751211,89.115,1,1023588,BID
1364751211,89.114,1,1023589,BID
1364751211,89.11,0.1,1023590,BID
1364751211,89.11,1.13479,1023591,BID
1364751211,89.072,1.44993,1023592,BID
1364751211,89,4.03047,1023593,BID
1364751225,89,0.163789,1023595,BID
1364751235,88.975,0.137,1023596,BID
1364751235,88.918,3.5,1023597,BID
1364751431,88.93,0.224356,1023617,BID
1364751476,88.92,0.11,1023626,BID
1364751492,88.92,0.367971,1023630,BID
1364751496,88.92,0.522029,1023634,BID
1364751496,88.91,0.0892589,1023635,BID
1364751496,88.91,1,1023636,BID
1364751496,88.91,0.0449803,1023637,BID
1364751496,88.9,3.5,1023638,BID
1364751496,88.812,0.881612,1023639,BID
1364751496,88.81,3.19,1023640,BID
1364751496,88.8,0.953594,1023641,BID
1364751496,88.8,1.22324,1023642,BID
1364751496,88.8,6,1023643,BID
1364751496,88.765,0.101,1023644,BID
1364751496,88.764,2.45429,1023645,BID
1364751508,89,7.5906,1023650,ASK
1364751552,88.765,5.54271,1023672,BID
1364751552,88.764,4.54571,1023673,BID
1364751552,88.76,0.21,1023674,BID
1364751552,88.752,5,1023675,BID
1364751552,88.713,0.670966,1023676,BID
1364751552,88.7,4.01578,1023677,BID
1364751552,88.7,4.73974,1023678,BID
1364751552,88.685,0.201,1023679,BID
1364751552,88.615,0.30016,1023680,BID
1364751552,88.6,4.31806,1023681,BID
1364751552,88.55,1.01093,1023682,BID
1364751552,88.55,0.35125,1023683,BID
1364751552,88.51,4.7119,1023684,BID
1364751552,88.509,1.003,1023685,BID
1364751552,88.5,0.28,1023686,BID
1364751552,88.5,2.03,1023687,BID
1364751552,88.435,1.86374,1023688,BID
1364751552,88.43,4.84332,1023689,BID
1364751600,88.431,0.1,1023693,BID
1364751600,88.431,0.00263413,1023694,BID
1364751618,88.431,1.23379,1023696,BID
1364751667,88.431,1.24,1023702,BID
1364751671,88.431,0.923988,1023711,BID
1364751671,88.43,1.30008,1023712,BID
1364751679,88.431,0.113464,1023720,ASK
1364751729,88.991,0.168,1023729,ASK
1364751851,88.973,0.1,1023777,ASK
1364751851,88.974,0.0396,1023778,ASK
1364751888,88.973,0.169,1023793,ASK
1364751896,88.974,0.498656,1023795,ASK
1364751904,88.984,1.35,1023796,ASK
1364751913,88.991,0.499785,1023801,ASK
1364751917,88.984,1.00099,1023804,BID
1364751922,89.508,0.29956,1023805,ASK
1364751951,89.529,0.87,1023806,ASK
1364751951,89.53,4.13,1023807,ASK
1364751955,89.521,0.22,1023808,ASK
1364752036,89.518,0.22,1023819,ASK
1364752139,88.978,0.19,1023835,BID
1364752169,88.978,0.508323,1023849,BID
1364752169,88.974,1.1,1023850,BID
1364752170,88.532,0.1,1023851,ASK
1364752172,88.532,3.34605,1023852,ASK
1364752221,89.496,0.124264,1023873,ASK
1364752221,89.497,1.38,1023874,ASK
1364752221,89.499,0.12426,1023875,BID
1364752223,89.499,0.53519,1023879,BID
1364752223,89.499,2.74633,1023880,BID
1364752223,89.499,3.1827,1023881,BID
1364752340,89.499,0.100928,1023916,ASK
1364752364,89.531,0.5,1023926,ASK
1364752364,89.531,0.615305,1023927,ASK
1364752549,89.391,0.16686,1024001,ASK
1364752549,89.499,0.897384,1024002,ASK
1364752600,88.812,0.064,1024010,BID
1364752625,89.499,0.2,1024018,ASK
1364752659,89.499,0.299,1024030,ASK
1364752870,88.91,0.0632,1024061,BID
1364752978,89.45,0.044,1024087,ASK
1364753108,89,0.0117,1024113,BID
1364753322,89.29,1,1024138,ASK
1364753340,89.29,0.287285,1024142,BID
1364753511,89.44,0.597794,1024173,ASK
1364753511,89.441,4.51805,1024174,ASK
1364753572,89.441,0.597794,1024180,ASK
1364753600,89.441,1,1024185,BID
1364753605,89.449,0.3,1024186,ASK
1364753605,89.449,0.139321,1024187,ASK
1364753605,89.45,0.0619,1024188,ASK
1364753613,89.499,7.695,1024190,ASK
1364753613,89.499,0.944252,1024191,ASK
1364753613,89.499,1,1024192,ASK
1364753641,89.45,0.0625,1024195,BID
1364753643,89.532,3.88614,1024196,ASK
1364753643,89.533,3.5,1024197,ASK
1364753670,89.59,1,1024198,ASK
1364753670,89.597,4.03426,1024199,ASK
1364753707,89.69,0.1,1024203,ASK
1364753707,89.69,0.051337,1024204,ASK
1364753737,89.69,0.120527,1024209,ASK
1364753737,89.7,3.27839,1024210,ASK
1364753737,89.7,2.04597,1024211,ASK
1364753737,89.888,3.5,1024212,ASK
1364753737,89.899,0.998992,1024213,ASK
1364753737,89.9,10.8561,1024214,ASK
1364753843,89.899,0.321461,1024227,ASK
1364753843,89.899,0.312166,1024228,ASK
1364753843,89.9,0.796373,1024229,ASK
1364753866,88.948,0.1,1024237,BID
1364753866,88.947,4.97699,1024238,BID
1364753924,89.001,3.36427,1024245,BID
1364753966,89.002,0.0103,1024255,BID
1364753966,89.001,0.158756,1024256,BID
1364753967,89.001,0.163667,1024259,BID
1364754444,89.808,0.033,1024352,ASK
1364754469,89.061,4.00621,1024354,BID
1364754497,89.031,0.8,1024358,BID
1364754501,89.031,1.20382,1024361,BID
1364754501,89.03,10,1024362,BID
1364754501,89.02,2,1024363,BID
1364754501,89.011,0.191367,1024364,BID
1364754501,89.001,0.155648,1024365,BID
1364754501,89,1.12917,1024366,BID
1364754503,89,0.11,1024372,BID
1364754504,89,0.101823,1024373,BID
1364754561,89.031,0.224879,1024387,ASK
1364754608,89.031,0.506522,1024399,ASK
1364754608,89.031,0.938125,1024400,ASK
1364754778,89.136,0.112489,1024435,BID
1364754801,89.136,0.112489,1024441,BID
1364754824,89.136,0.112489,1024445,BID
1364754863,89.136,0.0825321,1024454,BID
1364754920,89.022,1.00202,1024471,BID
1364754951,89.135,0.1,1024479,ASK
1364754951,89.136,0.00164862,1024480,ASK
1364754968,89.022,0.148,1024482,BID
1364754986,89.022,0.1,1024486,BID
1364755026,89.022,0.112914,1024496,BID
1364755051,89.022,0.112914,1024500,BID
1364755075,89.022,0.112914,1024505,BID
1364755098,89.022,0.112914,1024510,BID
1364755120,89.022,0.0501973,1024514,BID
1364755120,89.02,0.0627167,1024515,BID
1364755191,89.02,0.28588,1024522,BID
1364755349,89.021,0.112586,1024593,BID
1364755382,89.136,0.0256196,1024608,ASK
1364755395,89.023,0.1,1024615,BID
1364755396,89.022,0.37701,1024620,BID
1364755396,89.021,0.887414,1024621,BID
1364755396,89.021,0.384622,1024622,BID
1364755408,89.021,0.11,1024631,BID
1364755409,89.021,0.9767,1024639,BID
1364755410,89.021,0.11169,1024645,BID
1364755410,89.021,0.9767,1024648,BID
1364755411,89.021,4.81236,1024651,BID
1364755411,89.021,0.11,1024654,BID
1364755412,89.021,0.9767,1024657,BID
1364755613,89.022,0.873602,1024714,BID
1364755615,89.022,0.8859,1024727,BID
1364755745,89.03,1.64195,1024758,BID
1364756212,89.051,0.188411,1024828,BID
1364756215,89.051,7E-8,1024830,BID
1364756218,89.05,0.374175,1024831,BID
1364756263,89.05,0.11,1024837,BID
1364756274,89.051,0.112911,1024840,ASK
1364756274,89.051,0.112533,1024841,ASK
1364756352,89.06,1.2256,1024844,BID
1364756373,89.051,0.574556,1024847,BID
1364756395,89.03,0.00000111,1024849,BID
1364756395,89.03,0.640548,1024850,BID
1364756581,89.023,0.11,1024864,BID
1364756658,89.023,0.844461,1024883,BID
1364756809,89.561,0.1,1024908,ASK
1364756809,89.562,4.55053,1024909,ASK
1364756857,89.033,0.890103,1024917,BID
1364757195,89.095,0.112542,1024951,BID
1364757209,89.095,0.11169,1024974,BID
1364757218,89.095,0.112542,1024982,BID
1364757221,89.095,0.111958,1024997,BID
1364757221,89.095,1.0779,1024999,BID
1364757223,89.095,0.11,1025005,BID
1364757223,89.095,1.0779,1025006,BID
1364757223,89.095,0.282734,1025010,BID
1364757223,89.095,1.56017,1025011,BID
1364757223,89.03,0.8,1025013,BID
1364757223,89.03,6E-8,1025014,BID
1364757223,89.023,1.42723,1025015,BID
1364757226,89.023,0.11,1025024,BID
1364757227,89.023,0.8908,1025033,BID
1364757277,89.023,0.111958,1025119,BID
1364757391,89.023,0.11,1025188,BID
1364757391,89.023,0.151178,1025189,BID
1364757391,89.023,0.311,1025206,BID
1364757393,89.023,0.311,1025212,BID
1364757409,89.023,0.0620417,1025216,BID
1364757473,89.556,1.47063,1025254,ASK
1364757476,89.565,9.55902,1025256,BID
1364757476,89.565,3.73006,1025257,BID
1364757521,89.699,0.483032,1025270,ASK
1364757521,89.7,0.156234,1025271,ASK
1364757528,89.7,0.483032,1025272,ASK
1364757538,89.785,0.190984,1025275,ASK
1364757575,89.566,0.1,1025286,BID
1364757625,89.898,2.3268,1025299,ASK
1364757664,89.567,0.144821,1025307,BID
1364757696,89.567,0.15,1025315,BID
1364757937,89.567,0.144648,1025341,BID
1364758037,89.567,0.5004,1025359,BID
1364758169,89.567,0.1,1025386,BID
1364758323,89.568,0.52,1025403,BID
1364758361,89.569,2,1025414,BID
1364758364,89.569,0.000001,1025416,BID
1364758364,89.566,0.150999,1025417,BID
1364758366,89.898,2.6732,1025418,ASK
1364758366,89.898,0.125568,1025419,ASK
1364758380,89.566,0.5035,1025422,BID
1364758436,89.899,0.251147,1025455,ASK
1364758437,89.899,0.161624,1025456,ASK
1364758466,89.9,3.31119,1025459,ASK
1364758535,89.899,1.86001,1025464,ASK
1364758535,89.9,19.4192,1025465,ASK
1364758535,89.9,0.1,1025466,ASK
1364758535,89.9,0.620792,1025467,ASK
1364758770,89.57,0.1,1025501,BID
1364759438,89.57,0.1,1025625,BID
1364759692,89.57,0.1863,1025641,BID
1364759772,89.57,0.164996,1025655,BID
1364759863,89.899,0.0855,1025664,ASK
1364759892,89.57,0.118704,1025667,BID
1364759892,89.57,0.572352,1025668,BID
1364759897,89.567,1.35684,1025669,BID
1364759899,89.567,5.5E-7,1025670,ASK
1364759901,89.8,0.311188,1025672,BID
1364759906,89.8,7E-8,1025675,BID
1364759911,89.566,0.239497,1025676,BID
1364759911,89.566,0.191068,1025677,BID
1364759911,89.566,0.314758,1025678,BID
1364759911,89.566,4.71268,1025679,BID
1364759971,89.565,0.857066,1025685,BID
1364760123,89.898,1,1025698,ASK
1364760123,89.899,0.1,1025699,ASK
1364760123,89.899,0.925333,1025700,ASK
1364760123,89.899,0.1,1025701,ASK
1364760192,89.899,1.60467,1025703,BID
1364760192,89.566,1.25668,1025704,BID
1364760192,89.565,2.42865,1025705,BID
1364760378,89.566,1.92862,1025735,BID
1364760378,89.565,8.07138,1025736,BID
1364760615,89.566,0.113575,1025764,BID
1364760685,89.566,0.0864251,1025781,BID
1364760685,89.566,0.199995,1025782,BID
1364760700,89.566,0.00000508,1025789,BID
1364760700,89.565,0.338432,1025790,BID
1364760818,89.566,0.2,1025798,BID
1364760900,89.566,0.8,1025803,ASK
1364760951,89.565,5.8,1025809,BID
1364760972,89.565,4.56483,1025813,BID
1364761178,89.565,3.14358,1025832,BID
1364761178,89.565,2.56764,1025840,BID
1364761179,89.565,0.4998,1025844,BID
1364761179,89.565,0.11,1025845,BID
1364761180,89.565,0.4998,1025849,BID
1364761539,89.899,1.92476,1025871,ASK
1364761539,89.899,0.1,1025872,ASK
1364761838,89.566,0.2,1025903,BID
1364761838,89.565,15.8,1025904,BID
1364762234,89.89,0.21,1025942,ASK
1364762255,89.9,0.39778,1025946,ASK
1364762423,89.899,0.101649,1025956,ASK
1364762423,89.9,1.48143,1025957,ASK
1364762423,89.9,1.41692,1025958,ASK
1364762646,89.59,0.21,1025987,BID
1364762646,89.565,9.42,1025988,BID
1364762673,89.565,0.105669,1025992,BID
1364762707,89.9,0.095,1025997,ASK
1364762839,89.9,0.2,1026013,ASK
1364762993,89.7,0.348212,1026049,BID
1364762994,89.7,0.101095,1026055,BID
1364762995,89.7,0.3402,1026057,BID
1364763097,89.7,4.21049,1026068,BID
1364763119,89.9,0.5,1026072,ASK
1364763142,89.9,0.5,1026075,ASK
1364763171,89.8,0.34,1026078,BID
1364763177,89.9,0.5,1026080,ASK
1364763232,89.7,0.111377,1026082,BID
1364763241,89.9,1,1026084,ASK
1364763596,89.899,0.0112021,1026131,ASK
1364763596,89.9,3.38761,1026132,ASK
1364763627,89.9,2.40046,1026137,ASK
1364763627,89.9,0.114128,1026138,ASK
1364763627,89.9,0.154167,1026139,ASK
1364763627,89.999,2.33124,1026140,ASK
1364763662,89.999,0.1,1026142,ASK
1364763687,89.999,0.01,1026144,ASK
1364763763,89.96,0.29,1026157,ASK
1364763777,89.57,1.39247,1026216,BID
1364763778,89.57,0.151327,1026229,BID
1364763778,89.57,1.5698,1026231,BID
1364763779,89.57,1.5698,1026239,BID
1364763782,89.57,0.283447,1026240,BID
1364763797,89.57,0.1003,1026258,BID
1364763799,89.57,0.100501,1026262,BID
1364764056,89.8,0.307019,1026317,BID
1364764132,89.8,0.298316,1026335,BID
1364764134,89.8,0.684408,1026338,BID
1364764135,89.8,0.150108,1026347,BID
1364764136,89.8,0.238789,1026349,BID
1364764224,89.8,1.0395,1026372,BID
1364764549,89.57,3.28269,1026418,BID
1364764572,89.998,0.1,1026422,ASK
1364764572,89.999,5.24433,1026423,ASK
1364764572,89.999,0.2,1026424,ASK
1364764572,90,0.117136,1026425,ASK
1364764572,90,8.86855,1026426,ASK
1364764572,90,0.980973,1026427,ASK
1364764572,90,1.04,1026428,ASK
1364764572,90,0.1,1026429,ASK
1364764572,90,0.278888,1026430,ASK
1364764572,90,0.106237,1026431,ASK
1364764572,90,0.1,1026432,ASK
1364764572,90,1.01597,1026433,ASK
1364764572,90,1.698,1026434,ASK
1364764573,90,0.176861,1026435,ASK
1364764573,90,1,1026436,ASK
