mtgox25032013.txt
mtgox
1364322957573
1364409357383
1364319351,78.5,0.03641833,1364319351983906,ASK
1364319352,78.50001,5.26358167,1364319352065866,ASK
1364319352,78.01001,0.01,1364319352974896,BID
1364319386,78.01001,2,1364319386820078,BID
1364319401,78.50001,1.95689147,1364319401657617,ASK
1364319407,78.50001,1,1364319407969672,ASK
1364319410,78.01001,0.01,1364319410309473,BID
1364319458,78.5,1.99999349,1364319458984583,ASK
1364319468,78.01004,0.01,1364319468171400,BID
1364319472,78.50001,4.7771,1364319472415094,ASK
1364319477,78.00001,0.01,1364319477200895,BID
1364319546,78.50001,0.685,1364319546582079,ASK
1364319550,78.01004,0.01,1364319550150622,BID
1364319559,78.01006,1,1364319559051567,BID
1364319577,78.50001,2.5541,1364319577309655,ASK
1364319577,78.01007,0.01,1364319577930843,BID
1364319600,78.50001,0.01321405,1364319600930657,ASK
1364319602,78.50001,21.95168977,1364319602238453,ASK
1364319602,78.50001,0.00459392,1364319602999628,BID
1364319672,78.58238,1.2725499,1364319672229902,ASK
1364319672,78.75,0.5,1364319672499106,ASK
1364319672,78.75,0.25,1364319672675848,ASK
1364319673,78.75,0.01,1364319673064018,ASK
1364319674,78.75,0.01,1364319674071116,ASK
1364319674,78.75,0.01,1364319674125422,ASK
1364319674,78.75,0.01,1364319674185799,ASK
1364319674,78.75,0.01,1364319674658553,ASK
1364319674,78.75,0.01,1364319674719498,ASK
1364319675,78.75,0.01,1364319675745451,ASK
1364319676,78.75,0.01,1364319676338022,ASK
1364319676,78.75,0.01,1364319676782685,ASK
1364319676,78.75,0.01,1364319676844672,ASK
1364319678,78.75001,8.43628108,1364319678662759,ASK
1364319678,78.78468,0.51171825,1364319678757567,ASK
1364319679,78.78469,3.00274,1364319679516319,ASK
1364319679,78.8,29.44411865,1364319679590145,ASK
1364319679,78.887,2.35426881,1364319679652100,ASK
1364319679,78.9,1,1364319679714995,ASK
1364319679,78.95,0.5,1364319679761419,ASK
1364319680,78.97,2.62832331,1364319680712743,ASK
1364319748,78.59,0.3,1364319748722255,BID
1364319750,78.59,4.7,1364319750883925,BID
1364319753,78.50001,5.3,1364319753227898,BID
1364319754,78.50001,0.10387567,1364319754094846,BID
1364319757,78.50001,0.10475241,1364319757100379,BID
1364319760,78.50001,0.149,1364319760187742,BID
1364319761,78.50001,0.049,1364319761019743,BID
1364319766,78.97,3.68367107,1364319766055325,ASK
1364319767,78.98,0.25247518,1364319767448802,ASK
1364319797,78.58239,1.337,1364319797489267,BID
1364319860,78.58239,0.05777579,1364319860230946,BID
1364319861,78.58239,0.02,1364319861452499,BID
1364319865,78.58239,3,1364319865643401,BID
1364319891,78.58241,0.4425288,1364319891695652,BID
1364319903,78.98,0.03,1364319903431906,ASK
1364319906,78.6,0.011,1364319906413006,ASK
1364319906,78.98,3.76292909,1364319906764113,ASK
1364319909,78.58241,1,1364319909323364,BID
1364319909,78.98,2.5,1364319909589866,ASK
1364319912,78.7,0.011,1364319912430770,ASK
1364319912,78.98,1.69063061,1364319912899820,ASK
1364319946,78.64725,0.5,1364319946731459,BID
1364319946,78.58239,0.3004,1364319946785356,BID
1364319948,78.58239,10.52175481,1364319948299183,BID
1364319954,78.6,2,1364319954900717,ASK
1364319955,78.75,0.5,1364319955107665,ASK
1364319955,78.8,0.011,1364319955432407,ASK
1364319955,78.9,0.011,1364319955481032,ASK
1364319955,78.98,7.478,1364319955531966,ASK
1364319959,78.98,0.24550088,1364319959472306,ASK
1364319992,78.96,0.0248913,1364319992180287,ASK
1364320005,78.65,0.011,1364320005786056,ASK
1364320006,78.96,6.05247506,1364320006072803,ASK
1364320008,78.58239,14.55753089,1364320008050914,BID
1364320008,78.58238,1.89,1364320008250357,BID
1364320008,78.50001,22.33708823,1364320008306084,BID
1364320008,78.11089,1.28023129,1364320008766566,BID
1364320009,78.02,0.0128,1364320009349565,BID
1364320009,78.01807,1,1364320009695055,BID
1364320009,78,5,1364320009844951,BID
1364320009,77.97,7.15352058,1364320009904468,BID
1364320010,77.92,10,1364320010167178,BID
1364320010,77.9,0.15,1364320010219549,BID
1364320010,77.895,30.55056409,1364320010280470,BID
1364320010,77.87,6.06826492,1364320010325194,BID
1364320024,78.50001,1,1364320024677313,BID
1364320024,78.50001,16.86,1364320024817979,BID
1364320024,77.87,3.93173508,1364320024876897,BID
1364320025,77.80001,1.31499915,1364320025171327,BID
1364320025,77.8,45.8,1364320025269402,BID
1364320025,77.76552,0.40974971,1364320025339522,BID
1364320025,77.72277,30.68351606,1364320025461719,BID
1364320043,78.4,1,1364320043459225,BID
1364320043,77.72279,7.619,1364320043614580,BID
1364320043,77.7,11.13,1364320043704075,BID
1364320043,77.7,0.01,1364320043754835,BID
1364320043,77.7,0.01,1364320043799870,BID
1364320043,77.7,0.01,1364320043979961,BID
1364320044,77.7,0.01,1364320044027092,BID
1364320044,77.7,0.01,1364320044082927,BID
1364320044,77.7,0.01,1364320044133585,BID
1364320044,77.7,0.01,1364320044881678,BID
1364320044,77.7,0.01,1364320044927183,BID
1364320045,77.7,0.01,1364320045238903,BID
1364320045,77.7,0.01,1364320045278867,BID
1364320045,77.6,0.02739136,1364320045331880,BID
1364320045,77.6,2,1364320045998111,BID
1364320046,77.54058,2.35631,1364320046210564,BID
1364320046,77.52,7.6353,1364320046302068,BID
1364320047,77.51,10,1364320047103921,BID
1364320048,77.50123,1,1364320048878911,BID
1364320048,77.501,40,1364320048943654,BID
1364320049,77.50002,8.4713,1364320049074395,BID
1364320049,77.50001,1.31499915,1364320049293535,BID
1364320049,77.50001,7.34569949,1364320049396757,BID
1364320066,78.5,1,1364320066718735,BID
1364320066,78,0.5,1364320066788679,BID
1364320066,78,2,1364320066834284,BID
1364320066,78,12.8205,1364320066902994,BID
1364320066,77.72279,7.241,1364320066940562,BID
1364320066,77.50001,9.35376382,1364320066994263,BID
1364320067,77.5,67.08473618,1364320067066404,BID
1364320070,78.39999,0.06892092,1364320070618840,ASK
1364320085,78,0.97461538,1364320085722139,BID
1364320086,77.72279,6.882,1364320086764764,BID
1364320086,77.50001,1,1364320086856569,BID
1364320086,77.50001,4,1364320086950103,BID
1364320087,77.5,16.40935985,1364320087087888,BID
1364320087,77.5,0.0645,1364320087194249,BID
1364320087,77.42,0.0694,1364320087313911,BID
1364320087,77.419,0.3,1364320087965162,BID
1364320088,77.4034,1.15728822,1364320088438834,BID
1364320088,77.4004,0.03,1364320088554725,BID
1364320088,77.4004,1,1364320088630458,BID
1364320089,77.4,42,1364320089151707,BID
1364320089,77.35595,1.012,1364320089307317,BID
1364320090,77.33751,1.29303355,1364320090144488,BID
1364320090,77.3,0.83098344,1364320090249082,BID
1364320090,77.25704,0.01011393,1364320090720180,BID
1364320090,77.25,15.46926,1364320090875318,BID
1364320092,77.24,7.49744563,1364320092598992,BID
1364320113,78,0.5,1364320113593603,BID
1364320113,77.89501,0.10997377,1364320113937648,BID
1364320114,77.89501,0.10997377,1364320114284673,BID
1364320114,77.89501,0.10997377,1364320114354641,BID
1364320114,77.3,1.017,1364320114406824,BID
1364320114,77.24,7.50255437,1364320114446886,BID
1364320114,77.219,0.35,1364320114486230,BID
1364320114,77.21463,1.31499915,1364320114681418,BID
1364320115,77.21462,73,1364320115264995,BID
1364320115,77.2034,1.15728822,1364320115315760,BID
1364320115,77.2,14.82823695,1364320115384790,BID
1364320115,78.39999,0.02397171,1364320115826238,ASK
1364320116,77.2,5.82125,1364320116369537,BID
1364320118,77.5,0.43008761,1364320118996441,BID
1364320119,77.2,15.98609585,1364320119040614,BID
1364320119,77.2,1,1364320119092192,BID
1364320119,77.15481,2.57615,1364320119387045,BID
1364320119,77.1349,40,1364320119449400,BID
1364320119,77.12,10,1364320119512866,BID
1364320119,77.112,5,1364320119989117,BID
1364320120,77.10001,1.31499915,1364320120197026,BID
1364320120,77.061,20,1364320120297657,BID
1364320120,77.05816,3.69266739,1364320120369829,BID
1364320121,78.39999,6.06347506,1364320121904674,ASK
1364320138,78,1,1364320138008063,BID
1364320138,77.05816,0.05733261,1364320138502380,BID
1364320138,77.05667,1.08286606,1364320138555830,BID
1364320138,77.05667,19.0769,1364320138713685,BID
1364320138,77.04775,0.506,1364320138767525,BID
1364320138,77.03,10,1364320138973925,BID
1364320139,77.02596,0.01011412,1364320139017963,BID
1364320139,77.025,0.05097436,1364320139122224,BID
1364320139,77.02,34.3677,1364320139196017,BID
1364320139,77.019,0.3,1364320139233183,BID
1364320139,77.017,5,1364320139404752,BID
1364320139,77.01505,2.2004651,1364320139893304,BID
1364320140,77.01074,1,1364320140065103,BID
1364320140,77.01001,0.00260433,1364320140153927,BID
1364320140,77.01001,1.31499915,1364320140216518,BID
1364320140,77.01,6.1421,1364320140297812,BID
1364320140,77.01,5,1364320140386263,BID
1364320140,77.007,0.4211,1364320140486059,BID
1364320140,77.0034,1.15728822,1364320140533247,BID
1364320140,77.0031,0.2065,1364320140605060,BID
1364320140,77.001,0.4416,1364320140672713,BID
1364320140,77.00001,10.66145605,1364320140737083,BID
1364320153,77.25212,64.72903358,1364320153975778,BID
1364320154,77.22,10,1364320154025395,BID
1364320154,77.00001,20.63934108,1364320154109240,BID
1364320154,77.00001,4.63162534,1364320154227296,BID
1364320157,78,1,1364320157128211,ASK
1364320157,78.2033,0.87967727,1364320157199098,ASK
1364320159,77.80434,0.0257334,1364320159092321,ASK
1364320160,77.80434,0.54474971,1364320160763428,ASK
1364320161,77.80434,0.71479224,1364320161043950,ASK
1364320176,78.0001,0.28520776,1364320176081233,BID
1364320176,78,0.54476769,1364320176401417,BID
1364320179,77.33751,1.29303355,1364320179296673,BID
1364320179,77.00001,0.36837466,1364320179582091,BID
1364320179,77,10,1364320179646483,BID
1364320179,77,10,1364320179709455,BID
1364320179,77,0.1001,1364320179746466,BID
1364320179,77,1.89858454,1364320179807582,BID
1364320179,77,76.33990725,1364320179897323,BID
1364320195,77.49,0.0731,1364320195373034,ASK
1364320195,77.49,0.04395844,1364320195699531,ASK
1364320203,77.49,0.04696611,1364320203834203,ASK
1364320204,77.80434,0.79203389,1364320204272907,ASK
1364320253,77.80434,0.42444325,1364320253911251,ASK
1364320269,77.80434,0.0556,1364320269984525,ASK
1364320271,77.49,0.04696611,1364320271770736,BID
1364320271,77.49,0.07231389,1364320271808606,BID
1364320276,77.80434,0.01319821,1364320276388166,ASK
1364320314,78.2,2.42539003,1364320314248985,ASK
1364320330,77.49,0.23010891,1364320330663177,BID
1364320338,78.2,7.52160997,1364320338843516,ASK
1364320339,78.2033,0.26722267,1364320339007548,ASK
1364320339,78.4,1,1364320339101633,ASK
1364320339,78.4033,1.14691931,1364320339148372,ASK
1364320339,78.5,0.06424805,1364320339217013,ASK
1364320345,77.49,0.29433813,1364320345673477,BID
1364320346,78.5,10,1364320346305961,ASK
1364320362,78.5,10,1364320362132263,ASK
1364320398,78.5,3.21364178,1364320398697667,ASK
1364320424,78.5,1.62429288,1364320424331729,ASK
1364320424,78.5,0.2,1364320424461417,ASK
1364320424,78.5,0.1,1364320424525666,ASK
1364320425,78.55572,0.40727964,1364320425914823,ASK
1364320429,78.58237,3.76260369,1364320429206781,ASK
1364320436,78.58237,0.23739631,1364320436679298,ASK
1364320436,78.58237,3.1144006,1364320436918143,ASK
1364320458,78,5.02283894,1364320458733092,ASK
1364320458,78.58237,3.8855994,1364320458776663,ASK
1364320460,78.58238,1.09156166,1364320460478431,ASK
1364320528,78.0033,0.00009179,1364320528725647,ASK
1364320547,78.0033,1.14678868,1364320547297641,ASK
1364320551,78.49,0.07204656,1364320551065366,ASK
1364320554,77.5,0.1,1364320554026028,BID
1364320554,77.5,0.677,1364320554955325,BID
1364320574,78.49,0.92195344,1364320574039037,ASK
1364320574,78.4931,2.36890171,1364320574428146,ASK
1364320580,77.5,1,1364320580577161,BID
1364320585,78.4931,0.22370259,1364320585421498,ASK
1364320604,78.387,0.59319425,1364320604207736,ASK
1364320604,78.4931,3.56636799,1364320604348414,ASK
1364320606,78,0.985,1364320606841961,ASK
1364320606,78.4931,3.84102771,1364320606917214,ASK
1364320607,78.55572,0.12218389,1364320607312223,ASK
1364320608,78.58238,0.18098824,1364320608824049,ASK
1364320609,78.59792,0.01001669,1364320609380947,ASK
1364320611,78.62016,0.5,1364320611452670,ASK
1364320611,78.7,0.011,1364320611632799,ASK
1364320611,78.7,70.13455505,1364320611753986,ASK
1364320611,78.759,0.011,1364320611808665,ASK
1364320611,78.759,0.011,1364320611863345,ASK
1364320611,78.8,24.19322842,1364320611936482,ASK
1364320636,78.8,58.88339713,1364320636273083,ASK
1364320636,78.83371,0.01001669,1364320636567324,ASK
1364320636,78.85,0.011,1364320636862419,ASK
1364320636,78.9,0.67293162,1364320636928727,ASK
1364320636,78.93,1,1364320636990723,ASK
1364320637,78.93,23.9,1364320637282775,ASK
1364320637,78.93463,0.994,1364320637658382,ASK
1364320637,78.93464,1,1364320637970514,ASK
1364320638,78.94888,13.52865456,1364320638182948,ASK
1364320648,78.93,0.01,1364320648903823,ASK
1364320660,78.93,0.409,1364320660789316,ASK
1364320661,78.94888,85.47134544,1364320661653555,ASK
1364320662,78.95,0.011,1364320662168389,ASK
1364320662,78.95,14.10865456,1364320662249434,ASK
1364320706,78.96,8,1364320706486128,ASK
1364320707,78.96999,0.10997377,1364320707231550,ASK
1364320707,78.96999,1.31499915,1364320707396917,ASK
1364320707,78.96999,1.31499915,1364320707456930,ASK
1364320707,78.96999,1.31499915,1364320707514436,ASK
1364320707,78.96999,1.31499915,1364320707570021,ASK
1364320707,78.96999,1.31499915,1364320707623189,ASK
1364320707,78.97,65.31503048,1364320707709899,ASK
1364320716,78.89,1.21701102,1364320716348302,ASK
1364320734,78.89,16,1364320734234570,ASK
1364320742,78.58239,0.15,1364320742103260,BID
1364320742,78.11089,1.28023129,1364320742214116,BID
1364320742,77.7,0.5,1364320742273515,BID
1364320742,77.51,0.06976871,1364320742799645,BID
1364320752,78.89,1.21883524,1364320752579771,ASK
1364320753,78.89,0.00182422,1364320753444858,ASK
1364320761,78.58238,0.24069237,1364320761292391,ASK
1364320771,78.5,0.2,1364320771108478,ASK
1364320798,78.11092,0.0726614,1364320798779285,BID
1364320800,78.11092,0.3,1364320800128247,BID
1364320807,78.11092,0.19979148,1364320807152637,BID
1364320908,78.39085,0.14391132,1364320908966585,ASK
1364320909,78.39086,2.78837,1364320909025716,ASK
1364320909,78.5,0.3,1364320909072427,ASK
1364320909,78.5,0.5,1364320909111014,ASK
1364320909,78.58238,1.03185753,1364320909194434,ASK
1364320909,78.75,0.5,1364320909261837,ASK
1364320909,78.78281,0.51753233,1364320909298104,ASK
1364320909,78.78281,2.48523767,1364320909927725,ASK
1364320909,78.888,2.47732233,1364320909993704,ASK
1364320922,78.39087,0.244,1364320922278375,BID
1364320925,78.39087,4.8586,1364320925497342,BID
1364320925,78.11093,0.1414,1364320925536506,BID
1364320927,78.39087,0.18,1364320927456415,BID
1364321031,78.8,0.25,1364321031420289,ASK
1364321031,78.85,1.37,1364321031464844,ASK
1364321033,78.39088,5,1364321033746746,BID
1364321036,78.5,0.41922012,1364321036737061,ASK
1364321037,78.5,0.08077988,1364321037279973,ASK
1364321037,78.5,0.5,1364321037317837,ASK
1364321037,78.71092,0.18452012,1364321037353623,ASK
1364321039,78.39088,0.12756588,1364321039188140,BID
1364321045,78.71092,7.81547988,1364321045198859,ASK
1364321045,78.71092,1.08,1364321045232474,ASK
1364321045,78.75,0.5,1364321045275976,ASK
1364321045,78.85,21.40452012,1364321045316179,ASK
1364321052,78.44,1.9123,1364321052351507,ASK
1364321053,78.44001,5.0877,1364321053106765,BID
1364321065,78.39087,0.32,1364321065788685,BID
1364321066,78.39086,0.01,1364321066104137,ASK
1364321086,78.39085,0.1,1364321086767005,ASK
1364321089,78.21001,0.0639,1364321089857548,BID
1364321092,78.21001,0.90534127,1364321092204701,BID
1364321092,78.21,6.393,1364321092426986,BID
1364321094,78.21,1.03531973,1364321094694537,ASK
1364321110,78.11096,0.51233844,1364321110298564,BID
1364321113,78.11096,0.02658462,1364321113432893,ASK
1364321118,78.11095,4.42186531,1364321118135014,BID
1364321157,78.11096,0.08479219,1364321157047188,ASK
1364321178,78.11095,2.10913469,1364321178865267,BID
1364321182,78.11094,2.89086531,1364321182274535,ASK
1364321182,78.11096,9.57913469,1364321182384263,ASK
1364321188,78.11096,11.22,1364321188312887,ASK
1364321195,78.11096,1.38485006,1364321195312280,ASK
1364321235,78.11097,1,1364321235311474,BID
1364321235,78.39272,1.28597821,1364321235394953,ASK
1364321239,78.11097,0.17317873,1364321239231537,BID
1364321239,78.11096,1.82682127,1364321239298816,BID
1364321390,78.39271,1.47696579,1364321390087547,ASK
1364321438,78.73,0.205261,1364321438587553,ASK
1364321440,78.73,0.01,1364321440498854,BID
1364321455,78.73,0.01808267,1364321455514319,BID
1364321456,78.73,0.1039724,1364321456337059,BID
1364321459,78.79093,1.269,1364321459168876,ASK
1364321460,78.73,0.0552664,1364321460736708,BID
1364321464,78.73,0.2,1364321464129826,BID
1364321470,78.73,0.30505174,1364321470608338,BID
1364321472,78.111,0.2,1364321472263654,BID
1364321489,78.72999,0.05,1364321489173337,ASK
1364321499,78.11104,0.01,1364321499357888,BID
1364321507,78.11104,11,1364321507640671,BID
1364321529,78.72998,0.07202866,1364321529379727,ASK
1364321530,78.72999,0.0142476,1364321530480910,ASK
1364321532,78.72998,10.72635989,1364321532688523,BID
1364321535,78.72998,0.14736344,1364321535081967,ASK
1364321535,78.72999,10.33070066,1364321535164057,ASK
1364321535,78.79093,0.11811,1364321535382024,ASK
1364321535,78.8,5.2682,1364321535468090,ASK
1364321535,78.84,12.955,1364321535580973,ASK
1364321535,78.84,9.2855259,1364321535746577,ASK
1364321543,78.11106,1.165,1364321543806879,BID
1364321550,78.112,0.2,1364321550993388,BID
1364321553,78.112,0.06850739,1364321553841474,BID
1364321592,78.112,6.13259261,1364321592148213,BID
1364321595,78.11106,3.563,1364321595501872,BID
1364321595,78.11092,0.12802307,1364321595599148,BID
1364321596,78.06,6.4053,1364321596047076,BID
1364321596,78,2,1364321596107998,BID
1364321596,78,11.7658,1364321596177267,BID
1364321596,78,0.00528432,1364321596293817,BID
1364321632,78.83999,0.17513832,1364321632460509,ASK
1364321632,78.84,0.7144741,1364321632558548,ASK
1364321636,78.85,0.2,1364321636464893,ASK
1364321639,78.84,1,1364321639017127,BID
1364321650,78.84,0.2,1364321650940561,BID
1364321661,78.84,0.2,1364321661184273,BID
1364321667,78.85,0.226,1364321667036037,ASK
1364321668,78.85,0.074,1364321668491527,ASK
1364321693,78.858,4.13357507,1364321693542251,ASK
1364321703,78.85,0.2,1364321703525693,BID
1364321706,78.858,1.46577417,1364321706190655,ASK
1364321798,78.858,4,1364321798883772,ASK
1364321799,78.85,0.05,1364321799971567,BID
1364321834,78.858,5.78387065,1364321834511355,ASK
1364321851,78.8577,5.78387065,1364321851317242,ASK
1364321880,78.85,0.00466594,1364321880159370,BID
1364321880,78.85,0.48705364,1364321880213665,BID
1364321891,78.83,0.70828042,1364321891752109,ASK
1364321891,78.8577,3.80313869,1364321891839484,ASK
1364321895,78.8577,0.43739622,1364321895556928,ASK
1364321906,78.84,0.188,1364321906255898,ASK
1364321917,78.11202,0.2,1364321917301586,BID
1364321926,78.11203,0.01,1364321926804950,BID
1364321992,78.8,1.3,1364321992133575,ASK
1364321992,78.84,1.7,1364321992208055,ASK
1364321995,78.11207,0.01,1364321995220726,BID
1364322026,78.11208,0.0295,1364322026251108,BID
1364322085,78.79,1.52323,1364322085304531,ASK
1364322090,78.79,32.69668889,1364322090810453,ASK
1364322093,78.79,1.010898,1364322093925651,ASK
1364322093,78.84,4.112,1364322093973916,ASK
1364322094,78.84,0.28531311,1364322094140813,ASK
1364322096,78.84,1.14730314,1364322096381843,ASK
1364322130,78.12001,0.01,1364322130183253,BID
1364322135,78.12002,0.095,1364322135493548,BID
1364322139,78.12002,7.9711812,1364322139331646,BID
1364322139,78.12,4.8588188,1364322139445056,BID
1364322183,78.59999,2.80332105,1364322183446278,ASK
1364322188,78.59999,0.5,1364322188240204,ASK
1364322188,78.59999,0.5,1364322188485197,ASK
1364322189,78.59999,4.19314611,1364322189340049,ASK
1364322210,78.59999,0.1,1364322210210962,BID
1364322222,78.59999,0.2,1364322222391967,BID
1364322237,78.59999,0.2,1364322237804384,BID
1364322252,78.6,3.9212958,1364322252551425,ASK
1364322252,78.77,0.50410837,1364322252628253,ASK
1364322259,78.77,6.09417621,1364322259592484,ASK
1364322264,78.59999,0.1,1364322264031486,BID
1364322282,78.59999,0.2,1364322282433969,BID
1364322283,78.77,1.82171542,1364322283551658,ASK
1364322283,78.8,0.1,1364322283595466,ASK
1364322284,78.83888,4.42197403,1364322284304541,ASK
1364322285,78.59999,0.2,1364322285491734,BID
1364322294,78.59999,0.2,1364322294397215,BID
1364322312,78.59999,0.2,1364322312831808,BID
1364322321,78.59999,0.2,1364322321785075,BID
1364322332,78.59999,0.1,1364322332419519,BID
1364322336,78.59999,0.2,1364322336291098,BID
1364322339,78.59999,0.1,1364322339244020,BID
1364322343,78.59999,5,1364322343874233,BID
1364322349,78.59999,0.2,1364322349957604,BID
1364322357,78.75,0.5,1364322357609688,ASK
1364322357,78.83888,1.98690037,1364322357686880,ASK
1364322361,78.59999,1.12,1364322361245693,BID
1364322363,78.59999,0.2,1364322363756726,BID
1364322375,78.59999,0.00945389,1364322375906130,BID
1364322375,78.31,0.19054611,1364322375974973,BID
1364322380,78.59998,0.05051509,1364322380929420,ASK
1364322381,78.83887,0.02682461,1364322381037832,ASK
1364322381,78.83888,6.01683651,1364322381156410,ASK
1364322396,78.59998,5,1364322396303445,ASK
1364322396,78.59998,0.1,1364322396361170,ASK
1364322396,78.83888,0.94603227,1364322396409434,ASK
1364322406,78.59998,0.1,1364322406119941,ASK
1364322411,78.59999,0.1,1364322411384121,BID
1364322418,78.41,0.2,1364322418048728,BID
1364322428,78.60001,0.1,1364322428195444,BID
1364322430,78.60001,0.2,1364322430015304,BID
1364322430,78.60001,0.1,1364322430731590,BID
1364322433,78.60001,0.1,1364322433525095,BID
1364322436,78.60001,0.1,1364322436305857,BID
1364322436,78.79999,0.1102706,1364322436611905,ASK
1364322437,78.8,1,1364322437450793,ASK
1364322437,78.83888,3.7897294,1364322437559678,ASK
1364322446,78.83888,0.24376704,1364322446110034,ASK
1364322447,78.6,0.00251208,1364322447476087,BID
1364322447,78.41,0.19748792,1364322447561631,BID
1364322457,78.41001,0.1,1364322457924631,BID
1364322460,78.41001,0.1,1364322460836212,BID
1364322465,78.41001,0.1,1364322465774808,BID
1364322481,78.59999,0.5987888,1364322481642432,ASK
1364322482,78.7024,0.62004644,1364322482113807,ASK
1364322489,78.41001,0.34488586,1364322489321701,BID
1364322492,78.41001,0.24446602,1364322492171378,ASK
1364322496,78.41001,6.3759,1364322496749757,ASK
1364322524,78.41001,0.03474812,1364322524877243,ASK
1364322542,78.70239,0.90362118,1364322542884489,ASK
1364322543,78.7024,0.06059936,1364322543167473,ASK
1364322544,78.42001,0.01,1364322544846321,BID
1364322552,78.42002,2.74330832,1364322552558522,BID
1364322552,78.42,0.85169168,1364322552632798,BID
1364322552,78.42,0.0189499,1364322552724667,BID
1364322552,78.42,0.00161196,1364322552815050,BID
1364322563,78.49999,2.71723073,1364322563772300,ASK
1364322563,78.5,1.79263544,1364322563843058,ASK
1364322588,78.5,0.5,1364322588433914,ASK
1364322700,78.42001,0.21863919,1364322700954175,BID
1364322701,78.42,1.78136081,1364322701529947,BID
1364322721,78.42,0.7501,1364322721471237,BID
1364322749,78.42,0.01471105,1364322749645096,BID
1364322749,78.49999,0.21863919,1364322749957419,ASK
1364322750,78.5,0.20977081,1364322750087427,ASK
1364322774,78.5,2.9554228,1364322774291771,ASK
1364322835,78.4999,0.85318466,1364322835316624,ASK
1364322838,78.42001,0.01643772,1364322838657847,BID
1364322847,78.42001,0.04,1364322847560064,BID
1364322847,78.42001,0.05,1364322847880244,BID
1364322848,78.42001,0.11220154,1364322848068799,BID
1364322848,78.42,2.88779846,1364322848133812,BID
1364322893,78.42,0.06967614,1364322893671217,BID
1364322913,78.41001,0.05747085,1364322913988452,BID
1364322914,78.41,2.74752915,1364322914086493,BID
1364322920,78.4999,2.14681534,1364322920953659,ASK
1364322921,78.5,11.52974789,1364322921335217,ASK
1364322935,78.49999,0.27611011,1364322935192380,ASK
1364322935,78.5,2.34438566,1364322935325922,ASK
1364322991,78.5,0.5,1364322991426871,ASK
1364323014,78.41001,0.01,1364323014184678,BID
1364323018,78.41001,0.05028363,1364323018703921,BID
1364323042,78.41001,0.1705,1364323042579830,BID
1364323085,78.41,0.01,1364323085901821,BID
1364323100,78.41,3.22168293,1364323100550043,BID
1364323100,78.4,0.5,1364323100624232,BID
1364323100,78.32,1.56831707,1364323100689404,BID
1364323104,78.41749,0.23078363,1364323104906586,ASK
1364323104,78.41749,0.33333333,1364323104991386,ASK
1364323105,78.42001,3.11618304,1364323105045846,ASK
1364323132,78.49,15,1364323132604950,ASK
1364323132,78.5,13.2839,1364323132678798,ASK
1364323143,78.32001,0.34291485,1364323143838937,BID
1364323143,78.32,0.14708515,1364323143935647,BID
1364323164,78.4,0.314104,1364323164662868,BID
1364323204,78.4,2.135096,1364323204401890,BID
1364323254,78.39998,0.2485911,1364323254546477,ASK
1364323286,78.39998,0.09432375,1364323286330245,ASK
1364323286,78.49998,1.17986463,1364323286855925,ASK
1364323288,78.32002,0.05721098,1364323288399601,BID
1364323294,78.49998,5.15226545,1364323294252697,ASK
1364323294,78.5,16.8841374,1364323294320999,ASK
1364323294,78.51,2.96359715,1364323294375943,ASK
1364323299,78.49997,0.01061767,1364323299830593,ASK
1364323300,78.51,0.25241345,1364323300211693,ASK
1364323310,78.32003,0.01,1364323310511552,BID
1364323339,78.32003,0.01,1364323339596859,BID
1364323339,78.32003,0.28172834,1364323339770319,BID
1364323447,78.32003,0.6738,1364323447009892,ASK
1364323461,78.32003,0.3142,1364323461788341,ASK
1364323529,78.49988,0.29171417,1364323529457179,ASK
1364323529,78.4999,3.36479156,1364323529548503,ASK
1364323532,78.32004,0.01,1364323532984082,BID
1364323537,78.32004,1.10091674,1364323537486242,BID
1364323537,78.32002,2.308,1364323537558416,BID
1364323537,78.32,4.66869778,1364323537613985,BID
1364323537,78.31,6.19435389,1364323537676393,BID
1364323537,78.21,6.393,1364323537741535,BID
1364323537,78.12,9.32326638,1364323537794813,BID
1364323537,78.112,6.4011,1364323537850864,BID
1364323537,78.11089,1.28023129,1364323537963944,BID
1364323538,78.11,0.1,1364323538022144,BID
1364323538,78.06,4.4108,1364323538089326,BID
1364323538,78.02895,0.0867,1364323538167283,BID
1364323538,78.02,30,1364323538459224,BID
1364323538,78.01,0.00089796,1364323538563785,BID
1364323538,78,0.22391568,1364323538613531,BID
1364323538,78,1.30141346,1364323538656964,BID
1364323538,77.85267,0.53103945,1364323538715017,BID
1364323539,77.83,10.07608223,1364323539082737,BID
1364323540,77.8036,1.16036674,1364323540112613,BID
1364323540,77.7631,15,1364323540182829,BID
1364323540,77.75111,47.1505,1364323540275368,BID
1364323540,77.75,113.46116926,1364323540325505,BID
1364323540,77.75,1.1868,1364323540649107,BID
1364323540,77.699,0.05,1364323540848893,BID
1364323540,77.62,10,1364323540903544,BID
1364323541,77.6036,1.16036674,1364323541038193,BID
1364323541,77.52,10,1364323541080661,BID
1364323541,77.51,8.1850645,1364323541126433,BID
1364323541,77.504,6.3927983,1364323541176962,BID
1364323541,77.5,0.2,1364323541247011,BID
1364323541,77.5,10,1364323541301915,BID
1364323541,77.5,5.11,1364323541360275,BID
1364323541,77.49,44.49293907,1364323541422266,BID
1364323541,77.49,6.1943,1364323541485725,BID
1364323541,77.49,3,1364323541535980,BID
1364323541,77.49,1,1364323541595737,BID
1364323541,77.49,0.00884939,1364323541657800,BID
1364323541,77.42,10,1364323541695754,BID
1364323541,77.4035,1.15778926,1364323541734094,BID
1364323542,77.35595,1.012,1364323542122465,BID
1364323542,77.33752,1.9306185,1364323542316966,BID
1364323542,77.33751,1.29303355,1364323542379875,BID
1364323542,77.33333,0.2077,1364323542450402,BID
1364323542,77.32,10,1364323542492000,BID
1364323542,77.25704,0.01011686,1364323542811454,BID
1364323542,77.2314,41.0756412,1364323542915577,BID
1364323542,77.22,10,1364323542992404,BID
1364323543,77.22,10,1364323543078547,BID
1364323543,77.2035,1.15778926,1364323543739004,BID
1364323543,77.2,0.2537,1364323543808951,BID
1364323543,77.15,10,1364323543877112,BID
1364323544,77.13491,2.46506307,1364323544153042,BID
1364323544,77.12,10,1364323544295063,BID
1364323545,77.11,20,1364323545053723,BID
1364323545,77.1,15.76877263,1364323545132889,BID
1364323545,77.07421,2.37057,1364323545346157,BID
1364323547,77.07,67.4711,1364323547612394,BID
1364323547,77.05667,2,1364323547739408,BID
1364323547,77.05,12.9786,1364323547790381,BID
1364323547,77.04775,0.506,1364323547845265,BID
1364323547,77.03,7,1364323547944367,BID
1364323548,77.026,34.8584,1364323548004067,BID
1364323548,77.02596,0.01011686,1364323548049322,BID
1364323548,77.02521,77,1364323548117347,BID
1364323548,77.02001,2.46506307,1364323548155808,BID
1364323548,77.02,10,1364323548207271,BID
1364323548,77.01,2,1364323548253559,BID
1364323548,77.0035,1.15778926,1364323548344111,BID
1364323548,77.00003,63.974,1364323548475448,BID
1364323548,77.00003,1,1364323548523183,BID
1364323548,77.00002,4,1364323548599051,BID
1364323548,77,23.66009275,1364323548711675,BID
1364323548,77,188.06247487,1364323548940881,BID
1364323554,77,100,1364323554055862,BID
1364323559,77.00001,78.0663969,1364323559545164,BID
1364323559,77,11.93752513,1364323559619806,BID
1364323559,77,9.99607797,1364323559666432,BID
1364323561,77.74996,3.8,1364323561826282,ASK
1364323566,77.74995,1.21,1364323566927298,ASK
1364323579,77.74994,0.08200649,1364323579574973,ASK
1364323593,77.74994,1,1364323593393012,ASK
1364323602,77.74994,0.0925,1364323602665572,ASK
1364323610,77.74994,0.61685152,1364323610524933,ASK
1364323613,77.74994,0.61685152,1364323613136788,ASK
1364323625,77.74993,3.66757362,1364323625458860,ASK
1364323635,77.74995,0.61685152,1364323635584032,ASK
1364323639,77.74995,0.61685152,1364323639160989,ASK
1364323643,77.74995,0.10869837,1364323643150693,ASK
1364323659,77.22,10,1364323659943324,BID
1364323660,77.1234,4.57406325,1364323660024672,BID
1364323660,77.12339,0.03467996,1364323660235057,ASK
1364323663,77.12338,0.0721,1364323663745158,ASK
1364323664,77.12338,0.61685152,1364323664597073,ASK
1364323669,77.12,10,1364323669940209,BID
1364323670,77.10001,3.0504865,1364323670008813,BID
1364323670,77.1,16.9495135,1364323670066989,BID
1364323671,77.12338,0.06896922,1364323671757924,ASK
1364323683,77.12338,0.46787976,1364323683627503,ASK
1364323683,77.12338,0.32005819,1364323683781920,ASK
1364323687,77.12338,9.14,1364323687127438,ASK
1364323687,77.12338,0.61685152,1364323687525953,ASK
1364323694,77.12338,8.226,1364323694678857,ASK
1364323700,77.12338,4.26592335,1364323700135756,ASK
1364323701,77.12338,7.404,1364323701125422,ASK
1364323702,77.12338,0.97506819,1364323702238164,ASK
1364323705,77.12338,6.664,1364323705254161,ASK
1364323707,77.12338,7.1963,1364323707703635,ASK
1364323712,77.12338,1,1364323712134743,ASK
1364323713,77.12338,5.998,1364323713040160,ASK
1364323719,77.12338,5.4,1364323719908367,ASK
1364323722,77.12338,0.059,1364323722683510,ASK
1364323729,77.12338,1,1364323729000860,ASK
1364323731,77.12338,10,1364323731521266,ASK
1364323735,77.12338,1.03752383,1364323735022385,ASK
1364323735,77.12339,0.96247617,1364323735105384,ASK
1364323737,77.12339,0.0202,1364323737837846,ASK
1364323739,77.12339,0.01663889,1364323739752625,ASK
1364323752,77.12339,1.09194173,1364323752980110,ASK
1364323753,77.74996,9.90805827,1364323753180182,ASK
1364323757,77.74996,0.01220903,1364323757960361,ASK
1364323758,77.74996,0.00002456,1364323758147308,ASK
1364323765,77.74995,0.02402801,1364323765609521,ASK
1364323781,77.74995,0.0257334,1364323781502965,ASK
1364323812,77.12342,0.4,1364323812157849,BID
1364323822,77.74995,0.08296633,1364323822528326,ASK
1364323828,77.74996,0.0401,1364323828630495,ASK
1364323843,77.74996,0.21170017,1364323843508585,ASK
1364323867,77.13471,0.01,1364323867450747,BID
1364323939,77.15001,1.4,1364323939457388,BID
1364323971,77.15101,0.02057723,1364323971697630,BID
1364324001,77.2,2.56,1364324001838742,ASK
1364324020,77.21,4.78,1364324020385192,BID
1364324044,77.49999,1.31621832,1364324044199491,ASK
1364324044,77.5,1.24378168,1364324044378946,ASK
1364324046,77.5,0.01072911,1364324046194237,ASK
1364324058,77.5,1,1364324058101320,ASK
1364324060,77.212,2.0295,1364324060919402,BID
1364324062,77.212,7.56,1364324062850671,BID
1364324063,77.21201,0.1468172,1364324063559328,BID
1364324063,77.21201,0.01,1364324063670667,BID
1364324074,77.21201,1.5,1364324074447486,BID
1364324108,77.5,0.1974,1364324108382619,ASK
1364324135,77.5,0.24376735,1364324135254077,ASK
1364324174,77.5,6.09418392,1364324174892083,ASK
1364324186,77.5,0.00009638,1364324186039064,ASK
1364324195,77.22,1.97206695,1364324195544164,BID
1364324195,77.21201,1.31215724,1364324195637915,BID
1364324196,77.212,0.4105,1364324196108378,BID
1364324196,77.212,5,1364324196477763,BID
1364324196,77.21,25.23543854,1364324196562331,BID
1364324196,77.2,66.06983727,1364324196647531,BID
1364324201,77.5,36,1364324201816901,ASK
1364324239,77.5,188.24516,1364324239004577,ASK
1364324268,77.5,0.13797609,1364324268916293,ASK
1364324354,77.49,0.45679945,1364324354477801,ASK
1364324354,77.5,4.49860055,1364324354539305,ASK
1364324358,77.5,1,1364324358904420,ASK
1364324359,77.5,0.05,1364324359053859,ASK
1364324361,77.21,3,1364324361305926,BID
1364324361,77.21,7,1364324361392520,BID
1364324362,77.5,5,1364324362811900,ASK
1364324370,77.5,2.92520827,1364324370927188,ASK
1364324372,77.5,3.65651035,1364324372962661,ASK
1364324373,77.5,1.82825517,1364324373410485,ASK
1364324373,77.5,6.09418392,1364324373619269,ASK
1364324373,77.5,5.63330309,1364324373710536,ASK
1364324380,77.5,3.6065,1364324380432745,ASK
1364324393,77.41,15,1364324393456405,BID
1364324393,77.31,15,1364324393509307,BID
1364324393,77.21,14,1364324393554324,BID
1364324393,77.21,9.28,1364324393613685,BID
1364324429,77.49999,0.21,1364324429879205,ASK
1364324430,77.21001,0.05113845,1364324430758947,BID
1364324431,77.21001,0.12951688,1364324431462988,BID
1364324431,77.21,0.26734467,1364324431519564,BID
1364324439,77.49999,2.74897444,1364324439245208,ASK
1364324439,77.5,3.44521948,1364324439322695,ASK
1364324443,77.21001,0.01,1364324443441809,BID
1364324488,77.21001,2.75708475,1364324488242931,BID
1364324488,77.21,5.45265533,1364324488333509,BID
1364324488,77.21,3.4,1364324488379111,BID
1364324488,77.2,120.39025992,1364324488427262,BID
1364324490,77.20001,0.20288668,1364324490076943,BID
1364324490,77.2,9.79711332,1364324490509413,BID
1364324528,77.2,1.18278949,1364324528407875,BID
1364324528,77.152,0.60960717,1364324528493288,BID
1364324528,77.15001,0.54188702,1364324528550950,BID
1364324528,77.15,10,1364324528604738,BID
1364324528,77.13471,1.90374432,1364324528736440,BID
1364324528,77.1347,0.761972,1364324528828648,BID
1364324557,77.13471,1.49961694,1364324557607919,BID
1364324557,77.1347,37.50038306,1364324557691980,BID
1364324579,77.43999,0.05,1364324579189079,ASK
1364324585,77.43999,0.2839,1364324585759370,ASK
1364324586,77.43999,2.982,1364324586269277,ASK
1364324588,77.43999,1.19796279,1364324588806080,ASK
1364324588,77.44,3.80203721,1364324588886385,ASK
1364324589,77.44,39,1364324589257181,ASK
1364324627,77.21002,1.74896984,1364324627376130,BID
1364324627,77.21,13.25103016,1364324627448150,BID
1364324634,77.21001,1.5,1364324634730155,ASK
1364324640,77.21001,0.4709,1364324640056725,ASK
1364324692,77.21,0.3464232,1364324692183492,BID
1364324696,77.21,1.1,1364324696501168,BID
1364324708,77.21,0.010934,1364324708452655,BID
1364324710,77.21001,3.0291,1364324710773768,ASK
1364324710,77.42,6.9709,1364324710850466,ASK
1364324734,77.41999,1.732342,1364324734499185,ASK
1364324734,77.42,4.732358,1364324734612823,ASK
1364324737,77.42,0.19427535,1364324737979200,ASK
1364324742,77.42,3.72035649,1364324742111197,ASK
1364324756,77.41999,3.10029748,1364324756048796,ASK
1364324765,77.21001,0.011377,1364324765826602,BID
1364324766,77.21001,0.11,1364324766038057,BID
1364324772,77.40999,1.28989036,1364324772670392,ASK
1364324782,77.40999,22.49113127,1364324782835154,ASK
1364324782,77.41,16.26356873,1364324782901890,ASK
1364324788,77.41,1.2918,1364324788414817,ASK
1364324788,77.41,0.15,1364324788726959,ASK
1364324792,77.41,0.15,1364324792944726,ASK
1364324794,77.41,0.15,1364324794368094,ASK
1364324828,77.21001,1.45873529,1364324828170908,BID
1364324828,77.21001,3.23307595,1364324828237498,BID
1364324828,77.21,0.29161264,1364324828289634,BID
1364324828,77.21,0.01657612,1364324828337321,BID
1364324832,77.21,3.38342388,1364324832333430,BID
1364324849,77.40899,1.58790005,1364324849810236,ASK
1364324849,77.409,18.41209995,1364324849882556,ASK
1364324853,77.15002,0.01,1364324853397112,BID
1364324864,77.15002,2.39743361,1364324864009830,BID
1364324864,77.15,15,1364324864124449,BID
1364324864,77.13471,0.47424519,1364324864197390,BID
1364324864,77.13471,0.71409956,1364324864441671,BID
1364324864,77.1347,35.73764494,1364324864520203,BID
1364324864,77.1347,0.6022162,1364324864803357,BID
1364324864,77.13,10,1364324864927419,BID
1364324865,77.12341,1.50576088,1364324865006863,BID
1364324865,77.11201,2.523264,1364324865046447,BID
1364324865,77.11,1,1364324865159704,BID
1364324865,77.11,10,1364324865272032,BID
1364324865,77.11,1,1364324865329682,BID
1364324865,77.10002,0.94138605,1364324865647269,BID
1364324865,77.1,1.3051865,1364324865728476,BID
1364324865,77.1,1.21035381,1364324865790681,BID
1364324865,77.1,1.297,1364324865865125,BID
1364324865,77.1,100,1364324865934652,BID
1364324865,77.06001,1.07374591,1364324865999657,BID
1364324866,77.06,10,1364324866059691,BID
1364324866,77.05,5.07978299,1364324866123222,BID
1364324866,77.05,0.5,1364324866164037,BID
1364324866,77.02,4.63788036,1364324866218026,BID
1364324877,77.02001,3.02337553,1364324877411380,BID
1364324877,77.02,5.11830813,1364324877489121,BID
1364324917,77.09999,5.39814442,1364324917231610,ASK
1364324917,77.1,0.124568,1364324917314395,ASK
1364324928,77.36899,0.0244804,1364324928961158,ASK
1364324929,77.369,20,1364324929049017,ASK
1364324930,77.37,16.5,1364324930459571,ASK
1364324938,77.02001,0.01,1364324938983071,BID
1364324943,77.36999,0.01704624,1364324943765584,ASK
1364324943,77.37,38.89345376,1364324943848837,ASK
1364324944,77.02001,0.01,1364324944915575,BID
1364324954,77.37,17.4011,1364324954112863,ASK
1364324954,77.02002,0.01,1364324954880866,BID
1364324976,77.37,0.00833656,1364324976787016,ASK
1364324977,77.02002,0.01,1364324977715153,BID
1364324990,77.369,1.58845895,1364324990765981,ASK
1364324993,77.37,1.9854724,1364324993026947,ASK
1364325010,77.36901,0.15154105,1364325010008033,BID
1364325010,77.02002,0.54280158,1364325010497379,BID
1364325011,77.02,0.24381151,1364325011191935,BID
1364325011,77.01,1,1364325011304885,BID
1364325011,77.00002,5,1364325011598277,BID
1364325014,77.00001,1.48330874,1364325014517864,BID
1364325014,77,1.57853712,1364325014652442,BID
1364325039,77.37,11.41887131,1364325039449982,ASK
1364325040,77.37,0.5,1364325040897545,ASK
1364325041,77.37,0.16666667,1364325041869020,ASK
1364325042,77.37,0.16666667,1364325042854961,ASK
1364325042,77.49,26.65829535,1364325042940034,ASK
1364325047,77.02001,4.41373842,1364325047080287,BID
1364325047,77.02,1.2984,1364325047432236,BID
1364325053,77.02,0.6447,1364325053852606,ASK
1364325062,77,2,1364325062858406,BID
1364325063,77.02,1,1364325063995061,ASK
1364325071,77.02,72.64316158,1364325071699596,ASK
1364325072,77.02,0.01851852,1364325072531760,ASK
1364325072,77.02,0.03703703,1364325072573211,ASK
1364325073,77.37,0.05555555,1364325073090743,ASK
1364325073,77.37,0.05555556,1364325073136949,ASK
1364325073,77.4,2.60046395,1364325073184884,ASK
1364325077,77.4,1.83585012,1364325077011817,ASK
1364325086,77.35,4.28377697,1364325086662872,BID
1364325099,77.35,1.2,1364325099974936,BID
1364325136,77.35,1.22346024,1364325136741129,BID
1364325144,77,8.77653976,1364325144585266,BID
1364325159,77,1.23042364,1364325159837313,BID
1364325160,77,0.25,1364325160896306,BID
1364325161,77,0.06523421,1364325161543560,BID
1364325219,77.02,2.4806,1364325219727602,ASK
1364325223,77.02,5.67184497,1364325223845954,ASK
1364325226,77.02,4.0371,1364325226420289,ASK
1364325230,77.02,1,1364325230604796,ASK
1364325247,77.01,0.0495,1364325247392638,BID
1364325249,77.02,0.43536,1364325249699098,ASK
1364325251,77.02,1.2,1364325251643910,ASK
1364325252,77.02,0.0172,1364325252077854,ASK
1364325258,77.01,0.08,1364325258512716,BID
1364325264,77.01,7,1364325264827454,BID
1364325278,77.02,1,1364325278614372,ASK
1364325286,77.02,0.0499,1364325286685430,ASK
1364325294,77.02,0.04975772,1364325294440569,ASK
1364325313,77.02,1,1364325313227495,ASK
1364325314,77.02,5.84475928,1364325314455791,ASK
1364325341,77.02,0.0366,1364325341777443,ASK
1364325347,77.02,15,1364325347287668,ASK
1364325362,77.02,0.0491967,1364325362391830,ASK
1364325367,77.02,2.5,1364325367950887,ASK
1364325374,77.02,1.20774593,1364325374814902,ASK
1364325374,77.02,1.72813189,1364325374861336,ASK
1364325381,77.34999,0.12314067,1364325381731486,ASK
1364325381,77.35,0.42685933,1364325381812277,ASK
1364325382,77.03001,0.01,1364325382937753,BID
1364325430,77.25,0.5,1364325430131920,ASK
1364325435,77.25002,0.04890152,1364325435453568,BID
1364325452,77.35,0.57314067,1364325452706272,ASK
1364325462,77.38999,0.01419566,1364325462426528,ASK
1364325462,77.39,0.60327768,1364325462496726,ASK
1364325472,77.35002,0.04238306,1364325472214991,BID
1364325472,77.35001,1.15761694,1364325472290062,BID
1364325475,77.38999,0.04238306,1364325475952954,ASK
1364325476,77.39,1.39672232,1364325476033127,ASK
1364325485,77.4,2.5323,1364325485055157,ASK
1364325511,77.4,6.2015,1364325511053995,ASK
1364325523,77.4,0.00595116,1364325523192685,ASK
1364325536,77.39,0.00230662,1364325536227589,BID
1364325536,77.06,9.99769338,1364325536279127,BID
1364325538,77.39999,0.03914916,1364325538547214,ASK
1364325538,77.4,6.82393477,1364325538627680,ASK
1364325563,77.479,4.04,1364325563091717,ASK
1364325567,77.4,5.13691607,1364325567351226,BID
1364325568,77.06001,0.01,1364325568531770,BID
1364325612,77.06001,1.989,1364325612011170,BID
1364325621,77.39999,4.86308393,1364325621557249,ASK
1364325628,77.4,1.72397774,1364325628488369,BID
1364325644,77.47999,0.04846373,1364325644533693,ASK
1364325645,77.47999,0.03,1364325645475966,ASK
1364325646,77.4,10,1364325646710236,BID
1364325679,77.47999,0.14740937,1364325679286098,ASK
1364325680,77.48,0.55,1364325680192751,ASK
1364325680,77.48,0.4,1364325680257805,ASK
1364325680,77.49,0.2581,1364325680313000,ASK
1364325680,77.494,3.38609063,1364325680384444,ASK
1364325686,77.4,10,1364325686968809,BID
1364325706,77.494,12.11069254,1364325706188801,ASK
1364325706,77.495,7.88930746,1364325706375181,ASK
1364325721,77.40001,0.1,1364325721290420,BID
1364325768,77.46999,0.1,1364325768246795,ASK
1364325768,77.47,0.55014,1364325768332227,ASK
1364325770,77.47,0.95869434,1364325770091316,ASK
1364325790,77.495,172.65371018,1364325790508903,ASK
1364325790,77.5,38.34628982,1364325790589293,ASK
1364325796,77.5,39.11444812,1364325796279517,ASK
1364325797,77.5,1.2,1364325797485923,ASK
1364325809,77.5,0.79101858,1364325809477352,ASK
1364325822,77.5,5,1364325822964465,ASK
1364325865,77.47002,0.02199647,1364325865378285,BID
1364325865,77.47001,0.04130566,1364325865451390,BID
1364325865,77.2,0.93669787,1364325865531946,BID
1364325866,77.5,2.106,1364325866681333,ASK
1364325867,77.20001,0.01,1364325867556295,BID
1364325870,77.20001,0.97509007,1364325870787271,BID
1364325915,77.49999,1.01814715,1364325915047381,ASK
1364325915,77.5,0.63120206,1364325915144060,ASK
1364325919,77.25001,0.01,1364325919418923,BID
1364325931,77.25002,2.23471629,1364325931553405,BID
1364325931,77.25,27.76528371,1364325931623080,BID
1364325966,77.49999,2.23471798,1364325966707710,ASK
1364325966,77.5,0.61073393,1364325966792588,ASK
1364325968,77.25001,0.01,1364325968584290,BID
1364326010,77.25001,2.2249175,1364326010996967,BID
1364326011,77.25,4.31083016,1364326011085362,BID
1364326011,77.21,1.08,1364326011180593,BID
1364326011,77.2,2.55529759,1364326011241570,BID
1364326037,77.49999,2,1364326037094463,ASK
1364326085,77.20001,0.9882274,1364326085074088,BID
1364326085,77.2,10.48303147,1364326085159535,BID
1364326110,77.2,0.15,1364326110119302,ASK
1364326113,77.2,0.15,1364326113602779,ASK
1364326114,77.2,0.58747686,1364326114692170,ASK
1364326132,77.20002,0.6418,1364326132849243,BID
1364326151,77.26999,0.15,1364326151988370,ASK
1364326153,77.26999,0.15,1364326153576035,ASK
1364326156,77.26999,0.15,1364326156750334,ASK
1364326187,77.2,0.15,1364326187878201,BID
1364326187,77.11,0.85,1364326187941562,BID
1364326188,77.26999,1.3838826,1364326188748440,ASK
1364326188,77.27,2.2761174,1364326188884373,ASK
1364326189,77.11001,0.84179257,1364326189433040,BID
1364326189,77.11,0.22820743,1364326189506402,BID
1364326191,77.11,2,1364326191251912,BID
1364326192,77.11,0.138,1364326192670025,BID
1364326192,77.27,5,1364326192813271,ASK
1364326198,77.11001,0.42089629,1364326198942632,BID
1364326199,77.11,0.57910371,1364326199007676,BID
1364326225,77.26999,1.26268886,1364326225853800,ASK
1364326227,77.27,21.73731114,1364326227489243,ASK
1364326240,77.11001,0.26898893,1364326240110205,BID
1364326246,77.11,1.02785956,1364326246160071,BID
1364326281,77.26999,0.26898893,1364326281094424,ASK
1364326281,77.27,1.98657146,1364326281174135,ASK
1364326281,77.5,53.37205439,1364326281399132,ASK
1364326285,77.11003,0.20315151,1364326285333535,BID
1364326316,77.11001,0.01,1364326316577474,BID
1364326351,77.49999,0.25459501,1364326351034829,ASK
1364326351,77.5,4.01839302,1364326351135029,ASK
1364326352,77.5,16.99135045,1364326352993228,ASK
1364326356,77.5,2.47819509,1364326356219955,ASK
1364326366,77.5,10,1364326366899897,ASK
1364326371,77.5,25,1364326371051564,ASK
1364326390,77.11001,0.01,1364326390379075,BID
1364326404,77.5,2.47767741,1364326404598429,ASK
1364326406,77.5,25.8064,1364326406965799,ASK
1364326412,77.11001,0.01,1364326412732375,BID
1364326437,77.30001,1.46650216,1364326437511685,BID
1364326437,77.3,2.53349784,1364326437885437,BID
1364326439,77.3,13,1364326439357630,BID
1364326445,77.49989,1.42850764,1364326445715190,ASK
1364326445,77.4999,1,1364326445827663,ASK
1364326445,77.5,23.37789236,1364326445919559,ASK
1364326449,77.30001,0.01,1364326449415297,BID
1364326474,77.5,12.38259793,1364326474112006,ASK
1364326477,77.30001,0.01,1364326477078944,BID
1364326495,77.30001,1.40851497,1364326495975774,BID
1364326496,77.3,1.96650216,1364326496082956,BID
1364326496,77.15001,0.45103703,1364326496242550,BID
1364326496,77.15,9.17394584,1364326496595998,BID
1364326596,77.49999,0.2453,1364326596593174,ASK
1364326640,77.30001,0.01985874,1364326640710833,BID
1364326640,77.3,0.5,1364326640806485,BID
1364326645,77.15002,0.01,1364326645537607,BID
1364326647,77.49999,1.21100917,1364326647479772,ASK
1364326647,77.5,2.51626763,1364326647550075,ASK
1364326648,77.5,0.29894916,1364326648914843,ASK
1364326651,77.15002,0.01,1364326651560145,BID
1364326671,77.5,3.7165,1364326671457983,ASK
1364326672,77.15002,0.01,1364326672090119,BID
1364326682,77.15002,0.01,1364326682713739,BID
1364326691,77.5,0.45837032,1364326691256545,ASK
1364326693,77.15002,0.01,1364326693719680,BID
1364326715,77.4,0.01,1364326715476708,ASK
1364326725,77.40001,0.35358155,1364326725328350,BID
1364326730,77.40001,0.02065766,1364326730966643,BID
1364326731,77.2,0.08034234,1364326731106324,BID
1364326745,77.49999,0.38322174,1364326745277076,ASK
1364326745,77.5,0.26197826,1364326745353496,ASK
1364326745,77.20001,2.83931396,1364326745479864,BID
1364326745,77.2,217.65145766,1364326745580137,BID
1364326745,77.15001,0.33830437,1364326745809857,BID
1364326745,77.15,0.00001218,1364326745883794,BID
1364326745,77.12,15,1364326745960440,BID
1364326746,77.11,5.1768293,1364326746012784,BID
1364326746,77.1,5.1093,1364326746062192,BID
1364326746,77.06,0.00230662,1364326746095959,BID
1364326746,77.06,9.92,1364326746140507,BID
1364326746,77.06,10,1364326746177563,BID
1364326746,77.06,5.552,1364326746223182,BID
1364326746,77.05,2.59571706,1364326746315992,BID
1364326746,77.03,12.06412218,1364326746375971,BID
1364326746,77.01,43.85787456,1364326746507232,BID
1364326746,77.01,3.25723321,1364326746560557,BID
1364326746,77.00001,0.60102083,1364326746623139,BID
1364326746,77,8.5706873,1364326746690172,BID
1364326746,77,4,1364326746759634,BID
1364326746,77,3.10471025,1364326746806453,BID
1364326746,77,0.02325883,1364326746847014,BID
1364326746,77,3.2987,1364326746896909,BID
1364326746,77,12,1364326746959886,BID
1364326747,77,0.05,1364326747003972,BID
1364326747,77,1.25,1364326747065227,BID
1364326747,77,5,1364326747145900,BID
1364326747,77,0.97607363,1364326747190147,BID
1364326747,77,7.5325,1364326747238410,BID
1364326747,77,1,1364326747280454,BID
1364326747,77,3.8961,1364326747321745,BID
1364326747,77,0.3878,1364326747366008,BID
1364326747,77,0.2,1364326747415222,BID
1364326747,77,0.74467806,1364326747471898,BID
1364326757,77.5,0.00013741,1364326757098453,ASK
1364326764,77.49999,0.25473551,1364326764092167,ASK
1364326775,77.11004,0.01,1364326775688226,BID
1364326804,77.2,0.0194,1364326804942116,BID
1364326818,77.11003,0.0259,1364326818854729,BID
1364326820,77.11002,0.0259,1364326820158107,BID
1364326820,77.11,1.50071802,1364326820293553,BID
1364326829,77.19999,0.15,1364326829245129,ASK
1364326834,77.19999,0.15,1364326834855671,ASK
1364326839,77.19999,0.15,1364326839950967,ASK
1364326843,77.19999,0.15,1364326843210158,ASK
1364326848,77.19999,0.15,1364326848085442,ASK
1364326851,77.11999,0.0243682,1364326851615440,BID
1364326851,77.11,27.49928198,1364326851840963,BID
1364326851,77.02,15,1364326851922202,BID
1364326852,77.00003,0.25310626,1364326852109360,BID
1364326852,77,0.25532194,1364326852186105,BID
1364326852,77,5,1364326852500175,BID
1364326852,77,2.96792162,1364326852582156,BID
1364326856,77.19999,0.15,1364326856179114,ASK
1364326859,77.19999,0.15,1364326859561291,ASK
1364326864,77.19999,0.15,1364326864434073,ASK
1364326881,77.19999,1.33481148,1364326881173766,ASK
1364326881,77.449,1.14878913,1364326881470263,ASK
1364326900,77.00001,3.59697093,1364326900240557,BID
1364326941,77.44899,0.06837769,1364326941541923,ASK
1364326942,77.449,1.74212231,1364326942182961,ASK
1364326948,77.44899,1,1364326948187687,ASK
1364326960,77.001,1.8883,1364326960519680,BID
1364326963,77.00001,3.59514514,1364326963908180,BID
1364326964,77,0.08942727,1364326964149466,BID
1364326969,77,1,1364326969185286,BID
1364326969,76.97,13.42712759,1364326969301940,BID
1364326993,77.44899,6.19827321,1364326993509404,ASK
1364327008,77.21,0.7,1364327008033537,ASK
1364327028,77.21001,1.40146295,1364327028546396,BID
1364327028,76.97,1.57287241,1364327028648594,BID
1364327028,76.96649,0.80624125,1364327028925911,BID
1364327029,76.95,1.4,1364327029201085,BID
1364327029,76.92001,3.35242396,1364327029272133,BID
1364327029,76.92,10,1364327029375206,BID
1364327029,76.89397,0.253,1364327029933794,BID
1364327030,76.88,1,1364327030063979,BID
1364327030,76.87,15,1364327030113439,BID
1364327030,76.85161,0.18996757,1364327030274890,BID
1364327030,76.82,5.02403186,1364327030922858,BID
1364327074,77.27,1.53913466,1364327074207404,BID
1364327163,77.27,6.46696534,1364327163823804,BID
1364327163,77.1,1.03,1364327163894510,BID
1364327163,77.00002,0.02435332,1364327163975340,BID
1364327164,76.87,5.47868134,1364327164069910,BID
1364327170,77.027,0.24389673,1364327170928311,ASK
1364327176,76.87001,0.3658451,1364327176605520,BID
1364327176,76.87,1.4461549,1364327176667333,BID
1364327193,76.87001,8.48964597,1364327193120262,BID
1364327193,76.87,13.07516376,1364327193227307,BID
1364327193,76.83001,8.43519027,1364327193282292,BID
1364327223,77.38729,4.97849582,1364327223243316,ASK
1364327261,76.9,0.01,1364327261076323,BID
1364327286,77.027,0.39324501,1364327286430813,BID
1364327298,77.027,0.0999,1364327298164466,BID
1364327324,77.37026,2.23364894,1364327324208227,ASK
1364327339,77.027,0.50685499,1364327339307103,BID
1364327339,77,0.0845645,1364327339370584,BID
1364327356,77.37026,0.00124569,1364327356477270,ASK
1364327361,77.00001,0.69103533,1364327361294662,BID
1364327361,77,1.86350688,1364327361357180,BID
1364327381,76.99998,0.0296,1364327381629775,ASK
1364327419,76.9999,12.987,1364327419870901,BID
1364327422,76.99989,0.02501,1364327422108128,ASK
1364327425,76.99988,0.02590338,1364327425726968,ASK
1364327446,76.99988,0.0208,1364327446567159,ASK
1364327474,76.99988,1.93267184,1364327474264505,ASK
1364327518,76.99988,0.65260591,1364327518415655,ASK
1364327518,77.37027,21,1364327518990938,ASK
1364327519,77.38,69.46353114,1364327519169411,ASK
1364327522,77.38,0.28537477,1364327522131878,ASK
1364327551,77.00001,5.15667295,1364327551598534,BID
1364327551,77,4.5455,1364327551665114,BID
1364327588,77,1.03682446,1364327588371283,ASK
1364327588,77,0.96339277,1364327588428247,ASK
1364327593,77.29899,1.528,1364327593167726,ASK
1364327604,77,3.99978277,1364327604194672,BID
1364327604,76.9,27.5247,1364327604689779,BID
1364327604,76.9,0.47551723,1364327604737219,BID
1364327646,77.36999,2.00021723,1364327646541256,ASK
1364327666,77.36999,1.11682837,1364327666585681,ASK
1364327681,76.96001,0.48385358,1364327681613253,BID
1364327681,76.96,0.10661491,1364327681679359,BID
1364327739,77,2.91970015,1364327739000278,ASK
1364327739,77,0.00135467,1364327739415291,ASK
1364327747,77,1.81394137,1364327747021819,ASK
1364327757,76.99999,0.01,1364327757261250,BID
1364327759,77,2.16236712,1364327759157899,ASK
1364327769,77,0.00993999,1364327769461439,ASK
1364327772,77,2.4977,1364327772996668,ASK
1364327799,77,5.5909152,1364327799484706,ASK
1364327847,77,2,1364327847223916,ASK
1364327850,77,1.18165,1364327850440050,ASK
1364327853,76.96001,0.0109,1364327853455901,BID
1364327853,76.96,16.89338509,1364327853534504,BID
1364327853,76.91,13.0022,1364327853599901,BID
1364327853,76.9,1.09351491,1364327853647082,BID
1364327873,76.90001,0.49774047,1364327873801614,BID
1364327873,76.9,0.64166786,1364327873862324,BID
1364327889,76.9,1,1364327889469902,ASK
1364327897,76.9,7.26059167,1364327897867804,ASK
1364327929,76.99999,1.4932214,1364327929384203,ASK
1364327929,77,1.8224315,1364327929462275,ASK
1364327929,77,0.59148779,1364327929533002,ASK
1364327939,77,5.75449337,1364327939615916,ASK
1364327960,77,0.06,1364327960157674,ASK
1364327961,77,3.89610389,1364327961359738,ASK
1364327969,76.99999,1.07541936,1364327969733988,BID
1364327969,76.91,5.16458064,1364327969880417,BID
1364327993,76.91001,0.29139153,1364327993295650,BID
1364327993,76.91,4.57482769,1364327993373876,BID
1364327993,76.90001,8.28126078,1364327993434194,BID
1364328003,76.91,0.99394047,1364328003256128,ASK
1364328006,76.90001,0.13003899,1364328006567998,BID
1364328011,76.90001,1.18465101,1364328011462444,ASK
1364328020,76.91,0.8,1364328020180118,ASK
1364328020,76.90002,0.13147,1364328020791217,BID
1364328029,76.91,3.6202,1364328029587967,ASK
1364328043,76.91,1.58585953,1364328043499697,ASK
1364328048,77,0.0161,1364328048620009,ASK
1364328070,76.99999,0.29139153,1364328070510526,ASK
1364328072,77,0.71610847,1364328072198936,ASK
1364328073,77,4.9221,1364328073992261,ASK
1364328085,76.91001,0.29139166,1364328085605566,BID
1364328085,76.91,0.03130893,1364328085789639,BID
1364328091,77,3.9401,1364328091271923,ASK
1364328096,77,1.37157142,1364328096823174,ASK
1364328112,77,1.16,1364328112911526,ASK
1364328114,76.91,8.5603,1364328114334540,BID
1364328121,77,1.57193506,1364328121782087,ASK
1364328123,77.19,3.62806494,1364328123029466,ASK
1364328138,76.91101,0.6371,1364328138183126,BID
1364328155,76.911,0.01763467,1364328155823866,BID
1364328163,76.911,0.98236533,1364328163603311,BID
1364328163,76.91,6.82253154,1364328163741730,BID
1364328163,76.90002,0.00229739,1364328163816080,BID
1364328163,76.9,7.75127574,1364328163869664,BID
1364328178,76.9,1.55575,1364328178204945,BID
1364328192,77.00089,0.04041459,1364328192967346,ASK
1364328198,76.9,0.15558,1364328198881794,BID
1364328203,76.9103,1,1364328203751513,BID
1364328207,76.9103,6.55,1364328207674155,BID
1364328208,77.00089,0.88807707,1364328208041558,ASK
1364328208,77.0009,4.70283813,1364328208191202,ASK
1364328209,77.0009,2.24436337,1364328209383353,ASK
1364328212,77.0005,8.1925,1364328212220244,BID
1364328228,77.0005,0.988,1364328228244444,BID
1364328238,77.0009,3.0527985,1364328238284246,ASK
1364328238,77.17,0.56838019,1364328238368634,ASK
1364328239,77.00051,0.01,1364328239818881,BID
1364328267,77.00051,1.01885201,1364328267675207,BID
1364328267,77.0005,15.73647799,1364328267794750,BID
1364328278,77.01,1.67552,1364328278949563,BID
1364328291,77.01,0.16755,1364328291039559,BID
1364328295,77.16999,0.0456,1364328295720297,ASK
1364328307,77.16999,0.011,1364328307371947,ASK
1364328316,77.16999,0.96225201,1364328316683731,ASK
1364328316,77.17,0.43161981,1364328316766445,ASK
1364328316,77.3,1.15310066,1364328316861652,ASK
1364328326,77.02001,2.6050466,1364328326839094,BID
1364328326,77.02,4.3949534,1364328326914320,BID
1364328330,77.02,21.0215,1364328330934702,BID
1364328344,77.28999,0.02471401,1364328344382444,ASK
1364328344,77.29,4.07529047,1364328344482645,ASK
1364328345,77.29,5.90135903,1364328345025073,ASK
1364328346,77.28,4.9864,1364328346193585,ASK
1364328357,77.27999,0.80757663,1364328357478578,ASK
1364328358,77.02,0.5508466,1364328358122418,BID
1364328358,77.01,0.04127879,1364328358189030,BID
1364328361,77.27999,1.7956732,1364328361363439,ASK
1364328361,77.28,6.35743399,1364328361458824,ASK
1364328366,77.36999,0.4,1364328366554128,ASK
1364328366,77.37,2.86299681,1364328366999446,ASK
1364328402,77.37,5.89525707,1364328402673620,ASK
1364328421,77.28,0.035,1364328421042743,BID
1364328423,77.28,0.14,1364328423276588,BID
1364328423,77.28,2.62,1364328423590803,BID
1364328423,77.28,0.98340342,1364328423916470,BID
1364328424,77.28,0.26876682,1364328424383780,BID
1364328424,77.01,0.11565121,1364328424435735,BID
1364328424,77.0005,0.71558197,1364328424516656,BID
1364328438,77.35999,0.02091656,1364328438285022,ASK
1364328438,77.36,2.46393464,1364328438356101,ASK
1364328439,77.00051,0.01,1364328439470435,BID
1364328454,77.36,0.39032846,1364328454736965,ASK
1364328455,77.01,0.01,1364328455634086,BID
1364328457,77.36,0.2482,1364328457034526,ASK
1364328457,77.36,9.65751881,1364328457302217,ASK
1364328459,77.36001,0.18,1364328459419203,BID
1364328467,77.37,0.36337146,1364328467524600,ASK
1364328469,77.37,45.6045,1364328469516562,ASK
1364328474,77.36001,0.60271676,1364328474045224,BID
1364328475,77.37,25.8498,1364328475148929,ASK
1364328507,77.36001,0.5534,1364328507625912,BID
1364328512,77.36001,0.0107164,1364328512785976,BID
1364328520,77.37,1,1364328520389771,ASK
1364328542,77.36001,9.4105614,1364328542398820,BID
1364328547,77.37,2.58498125,1364328547562917,ASK
1364328563,77.37,11.3,1364328563747618,ASK
1364328563,77.37,3.53909341,1364328563953589,ASK
1364328564,77.38,2.9229819,1364328564019820,ASK
1364328564,77.38,0.06408632,1364328564172246,ASK
1364328572,77.36001,1.287261,1364328572571877,BID
1364328623,77.36001,0.5,1364328623388640,BID
1364328657,77.38,6.20379943,1364328657450006,ASK
1364328678,77.38,17,1364328678627146,ASK
1364328688,77.38,1.96483174,1364328688712198,ASK
1364328702,77.38,2.0953947,1364328702829967,ASK
1364328703,77.3873,14.9046053,1364328703023626,ASK
1364328723,77.3873,17,1364328723519144,ASK
1364328726,77.3873,2.0953947,1364328726107736,ASK
1364328726,77.44,7.82352685,1364328726664912,ASK
1364328733,77.36001,0.59669847,1364328733913852,BID
1364328744,77.39,3,1364328744269981,BID
1364328747,77.39,0.5,1364328747557446,BID
1364328749,77.43999,0.01326262,1364328749941101,ASK
1364328750,77.44,2.80984808,1364328750882470,ASK
1364328751,77.39,13.5,1364328751652437,BID
1364328751,77.36001,2.5,1364328751707556,BID
1364328757,77.36001,0.01021819,1364328757940763,BID
1364328776,77.44,1.23979855,1364328776931034,ASK
1364328801,77.44,2.53125,1364328801085017,ASK
1364328803,77.44,1.935,1364328803665943,ASK
1364328821,77.44,6.19899276,1364328821244593,ASK
1364328844,77.44,0.2066,1364328844366844,ASK
1364328884,77.44,0.52,1364328884786278,ASK
1364328898,77.4,0.089,1364328898663376,BID
1364328906,77.44,1.9861,1364328906393662,ASK
1364328934,77.44,0.69373347,1364328934895627,ASK
1364328987,77.44,0.0686,1364328987171535,ASK
1364329079,77.4,5.00151961,1364329079171588,BID
1364329113,77.44,2.81943581,1364329113592104,ASK
1364329131,77.44,6.19899276,1364329131310247,ASK
1364329132,77.44,1,1364329132194807,ASK
1364329136,77.44,1.20327401,1364329136026308,ASK
1364329140,77.44,0.15328262,1364329140300682,ASK
1364329146,77.44,10.61945829,1364329146190030,ASK
1364329152,77.44,0.2,1364329152858467,ASK
1364329154,77.44,0.03295067,1364329154719003,ASK
1364329156,77.4,1.09,1364329156002072,BID
1364329156,77.4,1.33098774,1364329156802883,BID
1364329157,77.4,0.03123476,1364329157883118,BID
1364329161,77.44,6.19899276,1364329161963280,ASK
1364329174,77.44,1.52,1364329174810653,ASK
1364329176,77.44,0.39266188,1364329176315183,ASK
1364329272,77.43,3,1364329272836255,ASK
1364329272,77.44,40.79025794,1364329272907822,ASK
1364329273,77.44,1,1364329273084373,ASK
1364329273,77.48,0.5,1364329273140357,ASK
1364329273,77.48,54.70974206,1364329273196201,ASK
1364329348,77.47999,0.01112215,1364329348468643,ASK
1364329348,77.48,7.84667178,1364329348562372,ASK
1364329421,77.39,0.7,1364329421198442,BID
1364329486,77.48,0.01,1364329486116974,ASK
1364329541,77.44,2.9135266,1364329541058004,ASK
1364329548,77.44,0.00000426,1364329548166432,ASK
1364329562,77.44,0.01,1364329562217832,ASK
1364329595,77.44,0.01,1364329595598843,ASK
1364329635,77.39,0.19,1364329635914238,BID
1364329833,77.44,0.06646914,1364329833421369,ASK
1364329834,77.44,2,1364329834248355,ASK
1364329834,77.48,1.65207318,1364329834692774,ASK
1364329835,77.39,16.11,1364329835309035,BID
1364329876,77.48,1.44331385,1364329876922035,ASK
1364329946,77.48,2.72614868,1364329946554878,ASK
1364329987,77.48,1.26289962,1364329987488093,ASK
1364330007,77.48,3.40768585,1364330007983708,ASK
1364330020,77.48,0.0942,1364330020183491,ASK
1364330023,77.48,1.83388092,1364330023723451,ASK
1364330028,77.48,5,1364330028156631,ASK
1364330029,77.48,1.26003879,1364330029000962,ASK
1364330033,77.48,6.19,1364330033716740,ASK
1364330035,77.48,10.14911,1364330035760405,ASK
1364330038,77.48,2,1364330038371833,ASK
1364330052,77.36001,0.497,1364330052037834,BID
1364330059,77.36001,0.04370897,1364330059040353,BID
1364330059,77.29,4.94629103,1364330059101512,BID
1364330059,77.48,0.41423527,1364330059469654,ASK
1364330059,77.48721,5.78101921,1364330059590024,ASK
1364330062,77.29001,0.01,1364330062494651,BID
1364330070,77.48721,5.53098563,1364330070860839,ASK
1364330071,77.29001,0.01,1364330071391812,BID
1364330085,77.48721,1.85856478,1364330085609966,ASK
1364330087,77.29001,0.01,1364330087442618,BID
1364330099,77.29001,0.2,1364330099396760,BID
1364330152,77.48721,0.99218594,1364330152551050,ASK
1364330153,77.29001,0.01,1364330153706461,BID
1364330186,77.30001,0.00021052,1364330186237429,BID
1364330201,77.4872,0.13357581,1364330201080579,ASK
1364330201,77.48721,0.85861015,1364330201225759,ASK
1364330202,77.30001,0.01,1364330202476377,BID
1364330209,77.30002,1.25174575,1364330209897914,BID
1364330209,77.3,0.04825425,1364330209985038,BID
1364330213,77.3,1,1364330213556873,BID
1364330227,77.44999,0.00718764,1364330227820506,ASK
1364330227,77.44999,0.00898455,1364330227978935,ASK
1364330241,77.44999,1.2239897,1364330241751534,ASK
1364330241,77.45,0.5,1364330241839844,ASK
1364330241,77.48721,0.73876037,1364330241934446,ASK
1364330253,77.30001,1.2401665,1364330253168326,BID
1364330253,77.3,3.7598335,1364330253241845,BID
1364330286,77.4872,0.01179565,1364330286324099,ASK
1364330286,77.48721,1.98520406,1364330286866711,ASK
1364330301,77.4872,1.2401665,1364330301485641,ASK
1364330301,77.48721,1.7335335,1364330301644910,ASK
1364330304,77.30002,0.01,1364330304728921,BID
1364330360,77.48721,3.7945617,1364330360010407,ASK
1364330361,77.30002,0.01,1364330361290518,BID
1364330373,77.48721,1.96092022,1364330373437400,ASK
1364330374,77.30002,0.01,1364330374185073,BID
1364330384,77.31,0.03615606,1364330384838147,ASK
1364330394,77.40001,0.2802557,1364330394721274,BID
1364330394,77.4,0.32234912,1364330394819469,BID
1364330403,77.4872,0.26846005,1364330403157826,ASK
1364330403,77.48721,30.76565444,1364330403329240,ASK
1364330403,77.49758,11.55468551,1364330403514636,ASK
1364330422,77.40001,0.33605534,1364330422477987,BID
1364330422,77.4,0.20394466,1364330422799264,BID
1364330423,77.4,2.6,1364330423022858,BID
1364330428,77.49757,0.33605534,1364330428144401,ASK
1364330429,77.49758,1.19732297,1364330429467905,ASK
1364330436,77.49758,0.84243662,1364330436951716,ASK
1364330441,77.49758,1.53337831,1364330441658565,ASK
1364330450,77.40001,0.33605553,1364330450808782,BID
1364330451,77.4,6.83755016,1364330451517876,BID
1364330451,77.3,5.02639431,1364330451678500,BID
1364330508,77.49757,0.34919281,1364330508166077,ASK
1364330510,77.49758,5.84519426,1364330510703385,ASK
1364330516,77.49758,3.24671953,1364330516805493,ASK
1364330525,77.30001,0.01,1364330525958124,BID
1364330562,77.49758,6.35996547,1364330562437469,ASK
1364330565,77.49759,9.64003453,1364330565683598,ASK
1364330573,77.30001,0.01,1364330573179462,BID
1364330576,77.49759,1.37509868,1364330576345024,ASK
1364330579,77.30001,0.01,1364330579777087,BID
1364330615,77.49759,0.45836617,1364330615486772,ASK
1364330634,77.49759,1.9202,1364330634631958,ASK
1364330658,77.49759,0.94734016,1364330658435607,ASK
1364330662,77.49759,0.00005974,1364330662662978,ASK
1364330667,77.49759,0.68138247,1364330667243126,ASK
1364330695,77.49759,1.83346468,1364330695708177,ASK
1364330711,77.49759,6.2854819,1364330711610147,ASK
1364330732,77.49759,2.34485266,1364330732481937,ASK
1364330762,77.49759,0.0240785,1364330762754245,ASK
1364330770,77.49759,3.3801953,1364330770244522,ASK
1364330777,77.41901,0.23101408,1364330777321510,BID
1364330777,77.419,3.26898592,1364330777435641,BID
1364330790,77.419,0.09817,1364330790864596,BID
1364330804,77.49758,0.2178768,1364330804234936,ASK
1364330804,77.49759,4.7821232,1364330804380489,ASK
1364330847,77.49759,4.84,1364330847368837,ASK
1364330853,77.49759,4.356,1364330853032687,ASK
1364330857,77.49759,3.92,1364330857924266,ASK
1364330863,77.49759,3.528,1364330863469590,ASK
1364330869,77.49759,3.176,1364330869062084,ASK
1364330875,77.49759,2.858,1364330875462401,ASK
1364330875,77.49759,5.05045188,1364330875688843,ASK
1364330880,77.49759,2.572,1364330880798933,ASK
1364330887,77.49759,2.314,1364330887861132,ASK
1364330893,77.49759,2.082,1364330893998435,ASK
1364330901,77.49759,1.874,1364330901058248,ASK
1364330901,77.49759,5.5,1364330901646303,ASK
1364330907,77.49759,0.25687013,1364330907741885,ASK
1364330927,77.49998,4.70820779,1364330927072855,ASK
1364330929,77.49759,1,1364330929929803,BID
1364330930,77.49998,0.29179221,1364330930222500,ASK
1364330930,77.49999,2,1364330930281933,ASK
1364330930,77.49999,0.05299535,1364330930334789,ASK
1364330930,77.49999,1.94700465,1364330930763423,ASK
1364330930,77.5,0.01478477,1364330930815015,ASK
1364330957,77.5,1000,1364330957622178,ASK
1364330960,77.5,10,1364330960985849,ASK
1364330971,77.5,2.8745,1364330971562924,ASK
1364330973,77.5,207.39229458,1364330973415794,ASK
1364330980,77.5,1.49,1364330980266382,ASK
1364330985,77.5,41.3548,1364330985489428,ASK
1364330985,77.49998,1.561,1364330985592956,BID
1364330985,77.419,2.63284408,1364330985652611,BID
1364330985,77.4089,13.29090094,1364330985700561,BID
1364330985,77.3,4.17806664,1364330985751460,BID
1364330985,77.29,12.05370897,1364330985794932,BID
1364330985,77.13,7.46045373,1364330985836947,BID
1364330990,77.49998,0.046271,1364330990920669,BID
1364330991,77.5,40,1364330991318067,ASK
1364331000,77.49998,0.01,1364331000027461,BID
1364331007,77.5,100,1364331007277915,ASK
1364331015,77.5,55.00628935,1364331015848848,ASK
1364331016,77.5,0.22222222,1364331016505285,ASK
1364331016,77.5,0.44444445,1364331016576286,ASK
1364331016,77.5,0.6210512,1364331016657031,ASK
1364331017,77.5,1,1364331017588832,ASK
1364331017,77.5,0.06402224,1364331017916600,ASK
1364331017,77.525,0.011,1364331017990957,ASK
1364331018,77.55,3.765,1364331018089178,ASK
1364331018,77.55,0.1,1364331018196447,ASK
1364331018,77.6,0.01,1364331018633280,ASK
1364331018,77.625,0.011,1364331018752205,ASK
1364331018,77.725,0.011,1364331018848395,ASK
1364331018,77.80434,1.28527535,1364331018976004,ASK
1364331019,77.825,0.011,1364331019078522,ASK
1364331019,77.925,0.011,1364331019131841,ASK
1364331019,77.97401,0.40615241,1364331019441655,ASK
1364331019,77.97998,5,1364331019622613,ASK
1364331020,77.97999,1.90374432,1364331020834164,ASK
1364331020,77.97999,2.523264,1364331020909594,ASK
1364331021,77.97999,0.71409956,1364331021228301,ASK
1364331021,77.97999,1.07374591,1364331021305084,ASK
1364331021,77.97999,1.48330874,1364331021362357,ASK
1364331021,77.97999,0.45103703,1364331021426580,ASK
1364331022,77.97999,0.60102083,1364331022414753,ASK
1364331023,77.97999,0.33830437,1364331023130506,ASK
1364331023,77.97999,0.25310626,1364331023692684,ASK
1364331026,77.97999,3.35242396,1364331026058418,ASK
1364331026,77.97999,0.80624125,1364331026126930,ASK
1364331026,77.97999,0.18996757,1364331026186115,ASK
1364331026,77.98,18.33027898,1364331026279501,ASK
1364331033,77.98,1.17963631,1364331033312501,ASK
1364331034,77.98,36,1364331034103130,ASK
1364331042,77.98,100,1364331042442400,ASK
1364331045,77.77125,0.0716674,1364331045257754,BID
1364331046,77.77125,0.0281355,1364331046204343,BID
1364331048,77.77125,0.058646,1364331048216707,BID
1364331054,77.77125,0.0496006,1364331054148210,BID
1364331058,77.77125,0.0363804,1364331058527818,BID
1364331060,77.98,0.02582645,1364331060887799,ASK
1364331064,77.77125,0.0294224,1364331064217724,BID
1364331066,77.77125,0.0206752,1364331066401810,BID
1364331068,77.77125,0.0160034,1364331068351232,BID
1364331074,77.98,100,1364331074547557,ASK
1364331075,77.98,5,1364331075180235,ASK
1364331083,77.98,39.46425826,1364331083721506,ASK
1364331083,78,14.88,1364331083917944,ASK
1364331084,78,1,1364331084281716,ASK
1364331085,78,0.15150267,1364331085791116,ASK
1364331086,78,14.84,1364331086499087,ASK
1364331086,78,2.049,1364331086631004,ASK
1364331087,78,27.61523907,1364331087830963,ASK
1364331100,77.98,0.04220325,1364331100524646,BID
1364331102,78.0034,1.14737702,1364331102165065,ASK
1364331105,78.025,0.011,1364331105611874,ASK
1364331107,78.12473,0.70463782,1364331107164064,ASK
1364331117,78.12473,2.09323218,1364331117735420,ASK
1364331138,78.12474,0.06330488,1364331138479508,BID
1364331140,78.12474,0.01049064,1364331140110928,BID
1364331145,78.125,0.011,1364331145738114,ASK
1364331147,78.2,1,1364331147156877,ASK
1364331148,78.2034,0.27624438,1364331148260764,ASK
1364331151,78.2034,0.22407179,1364331151488093,ASK
1364331182,78.12474,0.9875,1364331182883695,BID
1364331192,78.2034,0.64708032,1364331192123056,ASK
1364331195,78.259,0.011,1364331195192847,ASK
1364331195,78.359,0.011,1364331195523522,ASK
1364331195,78.36,0.0463204,1364331195881334,ASK
1364331196,78.4,1.198,1364331196365229,ASK
1364331196,78.4,0.9947,1364331196862461,ASK
1364331197,78.4034,1.14741587,1364331197292928,ASK
1364331197,78.45,10,1364331197377794,ASK
1364331200,78.459,0.011,1364331200061083,ASK
1364331201,78.46323,0.25,1364331201903878,ASK
1364331205,78.5,0.5,1364331205602849,ASK
1364331206,78.5,0.5,1364331206011334,ASK
1364331206,78.5,20,1364331206957461,ASK
1364331207,78.5,9.56746254,1364331207226986,ASK
1364331253,78.43,0.64708032,1364331253908313,ASK
1364331256,78.43,1.27394836,1364331256949621,ASK
1364331258,78.43,3.17906057,1364331258499883,ASK
1364331258,78.5,1.01829727,1364331258577214,ASK
1364331261,78.5,0.2446391,1364331261522821,ASK
1364331263,78.20341,2,1364331263676409,BID
1364331276,78.5,0.65808032,1364331276876284,ASK
1364331289,78.498,0.65808032,1364331289904386,ASK
1364331290,78.498,63.03781968,1364331290142924,ASK
1364331290,78.5,8.51152077,1364331290381395,ASK
1364331290,78.5,7,1364331290465086,ASK
1364331290,78.5,121.45065955,1364331290539649,ASK
1364331304,78.5,10.72921146,1364331304459485,ASK
1364331306,78.5,0.89102664,1364331306580412,ASK
1364331314,78.20341,1,1364331314316272,BID
1364331318,78.20341,0.0877123,1364331318809262,BID
1364331340,78.5,0.959,1364331340923770,ASK
1364331364,78.4,0.065,1364331364410588,ASK
1364331364,78.5,3.59196909,1364331364715014,ASK
1364331379,78.5,6.09494849,1364331379558940,ASK
1364331384,78.5,2.7027,1364331384144343,ASK
1364331390,78.5,0.0102,1364331390124251,ASK
1364331407,78.20341,0.05261071,1364331407394524,BID
1364331435,78.475,2,1364331435163442,ASK
1364331436,78.20341,0.60967699,1364331436877154,BID
1364331436,78.2034,1.9635,1364331436949695,BID
1364331437,78.2034,0.00001406,1364331437005389,BID
1364331439,78.2034,2,1364331439858796,BID
1364331439,78,0.42680895,1364331439961802,BID
1364331446,78,1.57319105,1364331446249680,BID
1364331446,77.98,6.31904873,1364331446581578,BID
1364331448,77.77125,0.03292952,1364331448216530,BID
1364331448,77.5,8.0748307,1364331448613844,BID
1364331455,78.2,2,1364331455147341,ASK
1364331463,78.20341,0.2133,1364331463119082,ASK
1364331463,78.475,27.88637215,1364331463696714,ASK
1364331463,78.5,5.518688,1364331463869580,ASK
1364331464,78.5,79.40069346,1364331464967475,ASK
1364331465,78.50999,1.48330874,1364331465746637,ASK
1364331465,78.50999,1.48330874,1364331465841962,ASK
1364331468,78.51535,3.00546,1364331468137298,ASK
1364331471,78.58238,1.2725499,1364331471327574,ASK
1364331471,78.595,0.011,1364331471481635,ASK
1364331496,78.59792,0.01001691,1364331496999798,ASK
1364331497,78.6035,1.14998958,1364331497336259,ASK
1364331498,78.62016,0.5,1364331498203771,ASK
1364331498,78.695,0.011,1364331498694477,ASK
1364331498,78.71,0.5,1364331498826722,ASK
1364331498,78.749,0.2064538,1364331498921181,ASK
1364331499,78.75,0.5,1364331499007452,ASK
1364331499,78.75,1,1364331499097991,ASK
1364331499,78.78,14,1364331499217334,ASK
1364331500,78.7831,15,1364331500077815,ASK
1364331500,78.79,10,1364331500201397,ASK
1364331500,78.79,11,1364331500386856,ASK
1364331500,78.79,2,1364331500743165,ASK
1364331500,78.795,0.011,1364331500843585,ASK
1364331501,78.795,0.011,1364331501228794,ASK
1364331501,78.8,10,1364331501293763,ASK
1364331502,78.8,0.5,1364331502297424,ASK
1364331502,78.8035,1.1500088,1364331502492048,ASK
1364331502,78.83371,0.01001729,1364331502570449,ASK
1364331502,78.83498,0.61685152,1364331502677798,ASK
1364331502,78.83498,2.46506307,1364331502774481,ASK
1364331502,78.83498,2.46506307,1364331502850037,ASK
1364331502,78.84,0.00705826,1364331502934811,ASK
1364331503,78.84,30,1364331503603053,ASK
1364331504,78.85,6.35444151,1364331504209456,ASK
1364331504,78.87,2.5,1364331504743166,ASK
1364331505,78.87235,73,1364331505772090,ASK
1364331507,78.88,5,1364331507186533,ASK
1364331508,78.88699,0.61685152,1364331508565336,ASK
1364331509,78.895,0.011,1364331509105108,ASK
1364331509,78.89998,2.9332,1364331509545043,ASK
1364331509,78.89999,31.19630368,1364331509648333,ASK
1364331516,78.89999,1.81691939,1364331516389717,ASK
1364331520,78.2,0.01097858,1364331520546806,BID
1364331524,78.89999,1.81691939,1364331524960674,ASK
1364331529,78.20341,3.62048957,1364331529830791,ASK
1364331530,78.20341,3.67,1364331530317574,ASK
1364331531,78.20341,0.70951043,1364331531905902,ASK
1364331533,78.20341,0.17050615,1364331533672949,ASK
1364331536,78.89999,0.93815339,1364331536574633,ASK
1364331553,78.77475,0.01097858,1364331553454138,BID
1364331567,78.89999,1.81816997,1364331567816915,ASK
1364331586,78.77475,3.89216486,1364331586120653,BID
1364331591,78.9,3,1364331591052053,ASK
1364331594,78.77475,2.19402981,1364331594761619,BID
1364331618,78.50341,0.2549,1364331618185444,ASK
1364331636,78.50341,1.7722572,1364331636011299,ASK
1364331656,78.50341,1.59485942,1364331656112482,ASK
1364331678,78.47501,100,1364331678428970,BID
1364331681,78.475,2.6671,1364331681995942,BID
1364331682,78.20341,0.12787166,1364331682437331,BID
1364331689,78.20341,13,1364331689030381,ASK
1364331717,78.2,0.106,1364331717867710,BID
1364331731,78.2,0.03107854,1364331731511467,BID
1364331734,78.2,1.2787,1364331734857489,BID
1364331747,78.2,3.57324288,1364331747913685,BID
1364331748,78.11089,1.28023129,1364331748366815,BID
1364331749,77.9,2.38563618,1364331749007373,BID
1364331765,78.20341,1.387,1364331765891623,ASK
1364331770,78.20341,1.249,1364331770641760,ASK
1364331774,78.1,2.2,1364331774134506,BID
1364331779,78.20341,1.124,1364331779044686,ASK
1364331786,78.20341,1.011,1364331786908683,ASK
1364331791,78.20341,0.9098,1364331791442734,ASK
1364331800,78.20341,25,1364331800934726,ASK
1364331803,78.20341,0.8188,1364331803560402,ASK
1364331808,78.20341,0.8188,1364331808495332,ASK
1364331810,78.20341,2.7117,1364331810839966,ASK
1364331811,78.20341,75,1364331811729521,ASK
1364331820,78.20341,30,1364331820249614,ASK
1364331823,78.20341,1,1364331823542451,ASK
1364331860,78.20341,76.17492834,1364331860531740,ASK
1364331860,78.20341,5.57,1364331860593060,ASK
1364331871,78.29999,0.05166873,1364331871341619,ASK
1364331871,78.3,0.25,1364331871438474,ASK
1364331871,78.3,2.11,1364331871490712,ASK
1364331871,78.475,11.55802905,1364331871545219,ASK
1364331871,78.50341,2.18395357,1364331871586463,ASK
1364331871,78.58238,1.2725499,1364331871709155,ASK
1364331871,78.75,0.82887041,1364331871798747,ASK
1364331878,78.19,2.5443383,1364331878478008,BID
1364331893,78.74999,0.14709704,1364331893685034,ASK
1364331893,78.75,14.85632773,1364331893794204,ASK
1364331893,78.8,10.71441458,1364331893872136,ASK
1364331893,78.86,4.04109547,1364331893935783,ASK
1364331895,78.19,0.0685554,1364331895950966,BID
1364331896,78.19001,0.01,1364331896939548,BID
1364331921,78.20001,1.0055846,1364331921905039,BID
1364331928,78.5,1.10282,1364331928233078,ASK
1364331928,78.5,1.02918328,1364331928351749,ASK
1364331929,78.20001,0.01,1364331929966482,BID
1364331958,78.5,1.35365249,1364331958787654,ASK
1364331960,78.20001,0.01,1364331960092697,BID
1364331973,78.5,5.10823548,1364331973336728,ASK
1364331973,78.85,3.7697724,1364331973399599,ASK
1364331973,78.85,0.12199212,1364331973459565,ASK
1364331976,78.20001,0.01,1364331976308520,BID
1364332012,78.82999,0.59983082,1364332012871160,ASK
1364332012,78.83,1.17326634,1364332012949180,ASK
1364332013,78.50001,0.01,1364332013824019,BID
1364332018,78.50002,2.55903562,1364332018913683,BID
1364332034,78.8,0.25,1364332034078598,ASK
1364332034,78.83,11.92946847,1364332034140719,ASK
1364332035,78.50002,0.01,1364332035512382,BID
1364332040,78.83,3.54679046,1364332040471161,ASK
1364332041,78.50002,0.01,1364332041250334,BID
1364332059,78.50002,0.091945,1364332059857955,BID
1364332068,78.82999,2.48270367,1364332068739066,ASK
1364332069,78.82999,6.08968744,1364332069303315,ASK
1364332073,78.50002,0.01,1364332073104529,BID
1364332099,78.8,0.1,1364332099500049,ASK
1364332099,78.81,0.34355959,1364332099550383,ASK
1364332100,78.50002,0.01,1364332100315260,BID
1364332104,78.81,1.21824641,1364332104210299,ASK
1364332105,78.50002,0.01,1364332105459925,BID
1364332107,78.81,4.9948103,1364332107521567,ASK
1364332110,78.50002,0.01,1364332110942056,BID
1364332114,78.81,0.80426259,1364332114096871,ASK
1364332119,78.81,0.97459713,1364332119833259,ASK
1364332120,78.50002,0.01,1364332120017283,BID
1364332121,78.7,0.46,1364332121320982,BID
1364332124,78.43001,0.01,1364332124852719,BID
1364332126,78.43001,1.22458979,1364332126058544,BID
1364332127,78.8,1.9033,1364332127705001,ASK
1364332131,78.79999,3.42478772,1364332131406197,ASK
1364332131,78.8,1.00955757,1364332131492538,ASK
1364332138,78.43001,0.01,1364332138008382,BID
1364332140,78.8,1.34024111,1364332140188694,ASK
1364332143,78.43001,0.01,1364332143450111,BID
1364332146,78.8,0.74690132,1364332146464828,ASK
1364332146,78.81,1.76069868,1364332146982931,ASK
1364332151,78.43001,0.01,1364332151626107,BID
1364332161,78.81,0.4434771,1364332161867146,ASK
1364332162,78.43001,0.01,1364332162585871,BID
1364332185,78.45001,4.42309745,1364332185366410,BID
1364332185,78.45,0.25,1364332185450515,BID
1364332213,78.45,1.11969114,1364332213492800,ASK
1364332219,78.45,0.61152695,1364332219783383,ASK
1364332226,78.7,0.38847305,1364332226526941,BID
1364332228,78.7,3.71789002,1364332228046614,ASK
1364332228,78.79,5.27644525,1364332228522059,ASK
1364332245,78.43001,0.01,1364332245237709,BID
1364332270,78.79,2.24288656,1364332270722760,ASK
1364332270,78.82,4.95242473,1364332270915332,ASK
1364332284,78.45,0.7343,1364332284452024,BID
1364332284,78.43,0.2657,1364332284567470,BID
1364332307,78.79998,0.30974203,1364332307202375,ASK
1364332307,78.8,0.1,1364332307287902,ASK
1364332307,78.8,0.0372649,1364332307337150,ASK
1364332309,78.46001,0.01,1364332309731096,BID
1364332326,78.8,6,1364332326445870,ASK
1364332327,78.46002,0.01,1364332327481522,BID
1364332345,78.8,0.6,1364332345985561,ASK
1364332346,78.46002,0.01,1364332346712944,BID
1364332357,78.8,0.88864554,1364332357702417,ASK
1364332358,78.46002,0.01,1364332358564217,BID
1364332402,78.46002,0.3,1364332402098321,BID
1364332402,78.46002,0.09,1364332402906935,BID
1364332403,78.46002,0.15,1364332403603904,BID
1364332404,78.46002,0.48500001,1364332404410394,BID
1364332405,78.46002,2.36,1364332405787094,BID
1364332406,78.46002,0.52748373,1364332406490105,BID
1364332406,78.46,5.47251627,1364332406566975,BID
1364332415,78.46,0.05000295,1364332415137660,BID
1364332474,78.49999,3.87472145,1364332474195622,ASK
1364332474,78.5,0.5,1364332474277350,ASK
1364332474,78.8,5.62527855,1364332474317342,ASK
1364332482,78.43001,4.62776581,1364332482500716,BID
1364332482,78.43,24.32831786,1364332482576455,BID
1364332495,78.79999,0.04475707,1364332495781614,ASK
1364332495,78.8,0.40026641,1364332495856201,ASK
1364332499,78.77,4.55286569,1364332499230749,BID
1364332505,78.77,0.4732,1364332505630418,BID
1364332517,78.79999,0.03014305,1364332517649926,ASK
1364332517,78.8,1.0485446,1364332517725774,ASK
1364332517,78.8,7.074,1364332517765456,ASK
1364332517,78.8,2.5,1364332517818980,ASK
1364332517,78.8277,6.67731235,1364332517896804,ASK
1364332556,78.81,1.9791427,1364332556542184,ASK
1364332577,78.81,0.11954869,1364332577603627,ASK
1364332598,78.81,1.92978076,1364332598432715,ASK
1364332613,78.81,5.46221829,1364332613745735,ASK
1364332662,78.81,1.59809969,1364332662247754,ASK
1364332694,78.81,4.04939129,1364332694881690,ASK
1364332694,78.82,0.8,1364332694961249,ASK
1364332695,78.8277,1.89115409,1364332695031559,ASK
1364332722,78.8277,2.43594573,1364332722686686,ASK
1364332723,78.8277,4.96627864,1364332723797689,ASK
1364332731,78.8277,6.08986434,1364332731253429,ASK
1364332736,78.77002,0.05359123,1364332736382003,BID
1364332749,78.77002,0.94640877,1364332749082734,ASK
1364332749,78.8277,2.60184449,1364332749187029,ASK
1364332780,78.80999,0.05359123,1364332780609200,ASK
1364332780,78.81,6.86479695,1364332780754418,ASK
1364332797,78.809,0.62118539,1364332797788530,ASK
1364332814,78.79001,0.01209159,1364332814780283,BID
1364332816,78.79,5.49832795,1364332816182647,BID
1364332835,78.809,2.48535722,1364332835793789,ASK
1364332841,78.809,2.44345739,1364332841310985,ASK
1364332842,78.82,1.5278631,1364332842681840,ASK
1364332862,78.8,0.24758471,1364332862917886,ASK
1364332884,78.82,2.4721369,1364332884414216,ASK
1364332884,78.82,1.0756239,1364332884475597,ASK
1364332891,78.80901,0.2553288,1364332891257948,BID
1364332891,78.809,0.94,1364332891413377,BID
1364332891,78.77,8.41955135,1364332891475888,BID
1364332905,78.77,0.4443589,1364332905296917,ASK
1364332927,78.43001,0.01,1364332927453017,BID
1364332932,78.77,1.86386287,1364332932884041,ASK
1364332933,78.43001,0.01,1364332933871162,BID
1364332968,78.43001,0.902,1364332968098739,BID
1364332968,78.8199,3.42814499,1364332968456556,ASK
1364332970,78.43001,0.01,1364332970400197,BID
1364332983,78.81989,0.96378998,1364332983569495,ASK
1364332983,78.8199,1.83385907,1364332983699546,ASK
1364332983,78.82,17.20235095,1364332983872907,ASK
1364332987,78.43001,0.01,1364332987983856,BID
1364333001,78.77001,0.07986256,1364333001553382,BID
1364333001,78.77,0.92013744,1364333001632743,BID
1364333007,78.81999,0.03016417,1364333007321443,ASK
1364333007,78.82,1.72202515,1364333007417868,ASK
1364333007,78.82,0.0212812,1364333007479386,ASK
1364333023,78.8,11,1364333023955410,ASK
1364333035,78.80002,0.0133793,1364333035640175,BID
1364333035,78.80001,25.49564409,1364333035712909,BID
1364333037,78.44001,0.01,1364333037877178,BID
1364333043,78.77,0.4451411,1364333043966131,ASK
1364333047,78.44001,0.01,1364333047747298,BID
1364333073,78.82,1.87795927,1364333073016835,ASK
1364333073,78.82,0.49670866,1364333073086612,ASK
1364333073,78.8276,0.1,1364333073134298,ASK
1364333073,78.83,1,1364333073180250,ASK
1364333073,78.83,0.5,1364333073224842,ASK
1364333073,78.85,2.11478642,1364333073343165,ASK
1364333075,78.50001,0.01,1364333075760841,BID
1364333089,78.50001,0.02,1364333089808704,ASK
1364333091,78.50001,3.73964749,1364333091218300,ASK
1364333107,78.5,3.26,1364333107575426,BID
1364333122,78.50001,2.21035251,1364333122341608,ASK
1364333122,78.8,1.34688465,1364333122412567,ASK
1364333124,78.5,168.9381,1364333124567448,BID
1364333129,78.5,1.0619,1364333129761401,ASK
1364333129,78.5,5.2085288,1364333129822748,ASK
1364333153,78.5,1.09834202,1364333153083993,ASK
1364333153,78.5,0.00240955,1364333153161719,ASK
1364333167,78.5,12.63610276,1364333167561446,ASK
1364333171,78.8,0.57311535,1364333171389506,ASK
1364333171,78.85,0.92688465,1364333171448654,ASK
1364333174,78.44001,0.01,1364333174560879,BID
1364333199,78.84999,0.06831997,1364333199954174,ASK
1364333200,78.85,0.37636813,1364333200060988,ASK
1364333201,78.44001,0.01,1364333201368149,BID
1364333225,78.85,3.8964109,1364333225025376,ASK
1364333225,78.44002,0.01,1364333225812062,BID
1364333233,78.85,0.53331015,1364333233955929,ASK
1364333234,78.44002,0.01,1364333234770303,BID
1364333239,78.85,2.43525681,1364333239197759,ASK
1364333241,78.44002,0.01,1364333241147374,BID
1364333265,78.49001,4.42661097,1364333265118011,BID
1364333265,78.49,32.99238903,1364333265207382,BID
1364333270,78.84998,0.85980606,1364333270952654,ASK
1364333285,78.84998,0.2800546,1364333285617355,ASK
1364333294,78.84998,0.53256571,1364333294911870,ASK
1364333303,78.84998,0.1788,1364333303026275,ASK
1364333322,78.84996,0.88673494,1364333322569439,ASK
1364333325,78.84995,1.92820139,1364333325057545,ASK
1364333327,78.56101,0.2915998,1364333327028186,BID
1364333327,78.561,13.33815113,1364333327125944,BID
1364333395,78.84989,0.73057806,1364333395712540,ASK
1364333400,78.84989,0.17359137,1364333400659665,ASK
1364333401,78.8499,1.50430704,1364333401092334,ASK
1364333405,78.60001,0.01,1364333405252369,BID
1364333429,78.60001,0.01,1364333429923432,BID
1364333472,78.84,0.00002156,1364333472095955,ASK
1364333473,78.60001,0.01,1364333473208679,BID
1364333494,78.84,0.09997844,1364333494485205,ASK
1364333494,78.848,5,1364333494586899,ASK
1364333495,78.8499,4.64119421,1364333495721842,ASK
1364333542,78.60001,0.01,1364333542837945,BID
1364333547,78.83999,2,1364333547710503,ASK
1364333555,78.83999,3.03,1364333555210416,ASK
1364333588,78.78769,3.63140231,1364333588697795,ASK
1364333608,78.60001,0.01,1364333608687037,BID
1364333621,78.78769,18.3033,1364333621327926,ASK
1364333623,78.60001,2.08118154,1364333623726259,BID
1364333623,78.6,47.91881846,1364333623854472,BID
1364333628,78.6,54.28739492,1364333628129563,BID
1364333670,78.6,0.21,1364333670850300,BID
1364333679,78.6,0.16,1364333679913209,BID
1364333684,78.6,2.22,1364333684138525,BID
1364333690,78.78758,0.24371861,1364333690700662,ASK
1364333696,78.78758,1.83859089,1364333696843191,ASK
1364333696,78.78759,2.48741419,1364333696923563,ASK
1364333727,78.60001,1.19595942,1364333727902376,BID
1364333727,78.6,15.20378662,1364333727992558,BID
1364333728,78.6,13.60025396,1364333728718830,ASK
1364333728,78.785,0.01,1364333728793754,ASK
1364333729,78.786,0.01,1364333729221151,ASK
1364333729,78.78757,83.37974604,1364333729282698,ASK
1364333735,78.78699,1.21329675,1364333735769693,ASK
1364333735,78.787,0.094,1364333735849035,ASK
1364333782,78.787,57.29559452,1364333782125307,BID
1364333800,78.787,49,1364333800164694,BID
1364333815,78.787,66.38710873,1364333815895866,BID
1364333832,78.60001,1.20612176,1364333832010190,BID
1364333832,78.6,0.1,1364333832105750,BID
1364333836,78.50001,0.5281623,1364333836715515,BID
1364333836,78.5,0.1,1364333836802324,BID
1364333881,78.59999,0.61026751,1364333881528768,ASK
1364333885,78.59999,0.61026751,1364333885450088,ASK
1364333901,78.49001,0.06679981,1364333901069618,BID
1364333901,78.49,0.93320019,1364333901140896,BID
1364333903,78.6,6.1075,1364333903191787,ASK
1364333909,78.59999,0.55175647,1364333909176557,ASK
1364333911,78.6,11.64327081,1364333911354892,ASK
1364333911,78.78766,13.80202919,1364333911637461,ASK
1364333913,78.6,1.18577271,1364333913401691,BID
1364333913,78.59999,0.94824353,1364333913737169,BID
1364333937,78.59,0.05388376,1364333937109272,ASK
1364333937,78.6,19.94611624,1364333937169693,ASK
1364333962,78.49003,0.2928985,1364333962717632,BID
1364333980,78.59999,6.14656604,1364333980224075,ASK
1364334018,78.59999,3.85343396,1364334018233294,ASK
1364334018,78.59999,0.05,1364334018306975,ASK
1364334018,78.6,2.19924119,1364334018363553,ASK
1364334040,78.59998,1.47867121,1364334040595064,ASK
1364334042,78.59998,0.025,1364334042913247,ASK
1364334043,78.59998,0.0125,1364334043805893,ASK
1364334043,78.6,2.14543388,1364334043935924,ASK
1364334055,78.58,0.01348249,1364334055767423,ASK
1364334078,78.59999,0.01348249,1364334078021152,ASK
1364334084,78.59999,29.98651751,1364334084917037,BID
1364334092,78.59,4,1364334092670937,ASK
1364334096,78.59,0.59965008,1364334096367713,ASK
1364334102,78.51,0.78924962,1364334102707752,BID
1364334152,78.59,13.4355,1364334152660739,ASK
1364334171,78.59,0.6514,1364334171693875,ASK
1364334175,78.51001,0.21650997,1364334175864942,BID
1364334175,78.51,0.50968462,1364334175931256,BID
1364334176,78.58999,0.5862,1364334176665434,ASK
1364334182,78.58998,0.21650997,1364334182469219,ASK
1364334182,78.58999,0.31109003,1364334182550378,ASK
1364334186,78.58999,0.4748,1364334186172049,ASK
1364334191,78.58999,0.4272,1364334191374118,ASK
1364334262,78.51003,0.21102681,1364334262384585,BID
1364334263,78.51003,0.04029126,1364334263006324,ASK
1364334263,78.589,0.15970874,1364334263055538,ASK
1364334299,78.58899,0.21102681,1364334299058214,ASK
1364334299,78.589,1.41024761,1364334299141534,ASK
1364334300,78.589,0.0214,1364334300798745,ASK
1364334311,78.589,0.40864365,1364334311983012,ASK
1364334312,78.58999,1.05599838,1364334312061473,ASK
1364334314,78.51003,0.21102687,1364334314845286,BID
1364334314,78.51002,0.1179,1364334314914857,BID
1364334319,78.51002,0.09854,1364334319365233,ASK
1364334355,78.51002,3.1184,1364334355749934,ASK
1364334413,78.58998,0.21102687,1364334413379836,ASK
1364334413,78.58999,7.4235332,1364334413483810,ASK
1364334413,78.51,1.45413313,1364334413633245,BID
1364334417,78.58999,0.00994121,1364334417635444,ASK
1364334425,78.51001,0.21645607,1364334425849062,BID
1364334425,78.51,4.63608603,1364334425916168,BID
1364334449,78.51,6.5108466,1364334449414933,BID
1364334481,78.5,5,1364334481730097,BID
1364334495,78.5,3.9172,1364334495724353,BID
1364334495,78.49,0.7928,1364334495780955,BID
1364334506,78.58998,0.0606061,1364334506236345,ASK
1364334509,78.58998,0.0708,1364334509486526,ASK
1364334557,78.49001,0.02171254,1364334557352568,BID
1364334559,78.49001,0.10016566,1364334559268072,BID
1364334559,78.49,1.43507429,1364334559344166,BID
1364334585,78.58997,0.20692817,1364334585095484,ASK
1364334585,78.58998,0.2056866,1364334585259362,BID
1364334585,78.58998,0.20445248,1364334585326049,BID
1364334585,78.58998,0.20322577,1364334585402726,BID
1364334585,78.58998,0.20200642,1364334585520460,BID
1364334585,78.58998,0.20079438,1364334585881531,BID
1364334585,78.58998,0.19958961,1364334585976981,BID
1364334586,78.58998,0.19839207,1364334586047319,BID
1364334586,78.58998,0.19720172,1364334586118629,BID
1364334586,78.58998,0.19601851,1364334586179993,BID
1364334586,78.58998,0.1948424,1364334586246142,BID
1364334586,78.58998,0.19367335,1364334586318130,BID
1364334586,78.58998,0.19251131,1364334586447447,BID
1364334586,78.58998,0.19135624,1364334586527266,BID
1364334586,78.58998,0.1902081,1364334586633306,BID
1364334586,78.58998,0.18906685,1364334586742870,BID
1364334586,78.58998,0.18793245,1364334586838506,BID
1364334586,78.58998,0.18680486,1364334586908973,BID
1364334586,78.58998,0.18568403,1364334586994169,BID
1364334587,78.58998,0.18456993,1364334587062888,BID
1364334587,78.58998,0.18346251,1364334587131384,BID
1364334587,78.58998,0.18236173,1364334587203859,BID
1364334587,78.58998,0.18126756,1364334587491225,BID
1364334588,78.58998,0.18017995,1364334588054753,BID
1364334588,78.58998,0.061783,1364334588130119,BID
1364334589,78.49999,0.17872817,1364334589604511,ASK
1364334681,78.58799,0.17872817,1364334681808517,ASK
1364334682,78.588,4.66679589,1364334682422476,ASK
1364334686,78.588,0.02582645,1364334686213532,ASK
1364334709,78.588,0.1272,1364334709050414,ASK
1364334750,78.588,0.66666707,1364334750894707,ASK
1364334769,78.588,1.34641703,1364334769674435,ASK
1364334770,78.58997,0.13104068,1364334770159152,ASK
1364334802,78.49001,0.14628014,1364334802723734,BID
1364334832,78.49,1,1364334832739580,BID
1364334882,78.49,1,1364334882118467,BID
1364334889,78.49,0.3,1364334889783575,BID
1364334908,78.49001,0.00700624,1364334908349794,ASK
1364334908,78.49001,0.3859,1364334908436034,ASK
1364334911,78.49001,1.3103,1364334911287143,ASK
1364334935,78.49,0.0268442,1364334935128349,BID
1364334961,78.49001,0.1,1364334961747079,ASK
1364334987,78.49001,0.1,1364334987698957,ASK
1364334999,78.49001,0.02909093,1364334999465316,ASK
1364335064,78.49001,0.01,1364335064807028,ASK
1364335082,78.49001,4.51142269,1364335082463943,ASK
1364335082,78.49001,0.1,1364335082532646,ASK
1364335082,78.49001,0.1,1364335082587353,ASK
1364335082,78.49001,0.01,1364335082637840,ASK
1364335164,78.56991,0.14628014,1364335164550634,ASK
1364335164,78.56992,0.10265765,1364335164633654,ASK
1364335164,78.56992,0.4399,1364335164721880,ASK
1364335271,78.49003,0.01,1364335271722079,BID
1364335326,78.54992,0.1,1364335326030190,ASK
1364335352,78.54992,0.1,1364335352354121,ASK
1364335382,78.54992,1.39,1364335382792800,ASK
1364335412,78.50001,0.09,1364335412240887,BID
1364335426,78.54,4.2632905,1364335426477043,ASK
1364335427,78.54001,0.09667849,1364335427522148,BID
1364335440,78.54001,0.25114701,1364335440566319,BID
1364335441,78.54992,2.3834,1364335441703024,ASK
1364335445,78.54992,6.10964366,1364335445728688,ASK
1364335479,78.54992,0.42784256,1364335479213200,ASK
1364335495,78.54992,0.53582739,1364335495379558,ASK
1364335528,78.54001,39,1364335528679087,BID
1364335573,78.54992,2.93262895,1364335573619638,ASK
1364335586,78.54992,1.06737105,1364335586165922,ASK
1364335586,78.54992,0.64332917,1364335586220030,ASK
1364335601,78.54992,6.10964366,1364335601430184,ASK
1364335604,78.54992,0.45842898,1364335604793258,ASK
1364335642,78.56992,2.6027082,1364335642140286,ASK
1364335650,78.56992,20,1364335650805064,ASK
1364335708,78.56992,3.31054556,1364335708517307,ASK
1364335724,78.54002,0.01008376,1364335724408451,BID
1364335724,78.54001,9.37947319,1364335724491337,BID
1364335740,78.54002,0.0168437,1364335740325507,BID
1364335740,78.54001,1.1784563,1364335740409037,BID
1364335835,78.54001,32,1364335835285176,BID
1364335843,78.5699,0.03024897,1364335843107552,ASK
1364335843,78.56992,4.61308021,1364335843188190,ASK
1364335844,78.56992,0.9673,1364335844985190,ASK
1364335907,78.54002,0.03024897,1364335907820616,BID
1364335907,78.54001,0.01975103,1364335907991879,BID
1364335915,78.56991,0.03024897,1364335915954747,ASK
1364335916,78.56992,1.91975103,1364335916054680,ASK
1364335944,78.54001,0.00017291,1364335944502092,BID
1364335961,78.56992,1.58850735,1364335961647362,ASK
1364335965,78.54001,0.01,1364335965924400,BID
1364336027,78.54001,7,1364336027461489,BID
1364336031,78.56992,12.7243,1364336031565216,ASK
1364336042,78.56992,6.10267824,1364336042757568,ASK
1364336077,78.56992,3.11490048,1364336077730072,ASK
1364336152,78.54001,1.80103057,1364336152205838,BID
1364336152,78.54,0.03028074,1364336152979982,ASK
1364336172,78.56991,0.03028074,1364336172146213,ASK
1364336172,78.56992,25.51367128,1364336172229708,ASK
1364336172,78.57993,55,1364336172306901,ASK
1364336172,78.57999,30,1364336172366911,ASK
1364336172,78.58,3,1364336172423311,ASK
1364336172,78.58,188.09824798,1364336172475174,ASK
1364336183,78.58,3.90571209,1364336183361275,ASK
1364336190,78.50002,0.21653894,1364336190640043,BID
1364336190,78.5,0.14004826,1364336190731139,BID
1364336213,78.57999,0.21653894,1364336213214716,ASK
1364336213,78.57999,0.12002413,1364336213336595,ASK
1364336213,78.57999,0.06001207,1364336213389215,ASK
1364336213,78.58,1.16587604,1364336213453472,ASK
1364336240,78.58,2.74620381,1364336240209074,ASK
1364336273,78.50001,0.01,1364336273671573,BID
1364336292,78.50001,0.01,1364336292891349,BID
1364336303,78.58,0.7389921,1364336303089396,ASK
1364336336,78.58,3.05133757,1364336336470507,ASK
1364336346,78.58,6.1084,1364336346467952,ASK
1364336379,78.58,6.41387579,1364336379070013,ASK
1364336391,78.58,0.5131611,1364336391178163,ASK
1364336393,78.50001,0.1965932,1364336393557641,BID
1364336393,78.5,0.85995174,1364336393630149,BID
1364336393,78.5,0.0637,1364336393697224,BID
1364336393,78.5,10,1364336393741698,BID
1364336419,78.5,3.9027,1364336419410236,ASK
1364336426,78.5,1.22053502,1364336426633735,ASK
1364336437,78.49003,0.12740471,1364336437745090,BID
1364336437,78.49,0.64685743,1364336437801391,BID
1364336438,78.47,1,1364336438775273,BID
1364336442,78.45,0.1082966,1364336442554075,ASK
1364336469,78.45,0.5,1364336469828525,ASK
1364336469,78.45,0.25,1364336469886394,ASK
1364336469,78.45,0.125,1364336469938226,ASK
1364336469,78.45,0.04166667,1364336469992385,ASK
1364336470,78.5,0.3066546,1364336470040712,ASK
1364336470,78.5,0.2044364,1364336470918773,ASK
1364336470,78.5,0.2044364,1364336470982363,ASK
1364336471,78.5,0.06814547,1364336471033640,ASK
1364336471,78.5,0.13629093,1364336471084320,ASK
1364336471,78.5,0.0127,1364336471270115,ASK
1364336471,78.58,0.95964074,1364336471329358,ASK
1364336499,78.57999,0.3248898,1364336499800345,ASK
1364336500,78.58,5.7725102,1364336500451671,ASK
1364336520,78.44,2.5641,1364336520094892,BID
1364336555,78.40001,0.05435626,1364336555914138,BID
1364336556,78.4,0.1,1364336556025542,BID
1364336556,78.4,1,1364336556093296,BID
1364336600,78.30001,0.28658286,1364336600340985,BID
1364336600,78.3,0.1,1364336600436684,BID
1364336612,78.2847,0.58,1364336612094152,BID
1364336613,78.3,0.00566225,1364336613782006,ASK
1364336613,78.4,0.39433775,1364336613837621,ASK
1364336616,78.2847,0.9,1364336616183168,BID
1364336629,78.39999,0.34093912,1364336629459881,ASK
1364336629,78.4,0.00010669,1364336629550683,ASK
1364336629,78.4,0.15895419,1364336629616667,ASK
1364336675,78.4,0.6299347,1364336675872439,ASK
1364336676,78.4,0.5,1364336676471035,ASK
1364336676,78.56999,1.31082535,1364336676527861,ASK
1364336691,78.56998,0.02664982,1364336691562082,ASK
1364336691,78.56999,0.8886352,1364336691658755,ASK
1364336691,78.569,0.02627826,1364336691848631,BID
1364336722,78.56999,1.33302914,1364336722198046,ASK
1364336722,78.58,3.18237695,1364336722257492,ASK
1364336725,78.58,0.00025757,1364336725423859,ASK
1364336726,78.569,0.02148035,1364336726573626,BID
1364336788,78.569,0.85426602,1364336788807776,ASK
1364336789,78.46001,0.2,1364336789946029,BID
1364336790,78.569,2.7274,1364336790443650,ASK
1364336795,78.569,0.01227188,1364336795035464,ASK
1364336815,78.569,2.19956,1364336815987803,ASK
1364336818,78.46001,0.0633178,1364336818590483,BID
1364336825,78.569,22.03012844,1364336825056290,ASK
1364336825,78.58,30.56217156,1364336825248828,ASK
1364336830,78.58,12.2,1364336830602956,ASK
1364336831,78.58,0.0636,1364336831950228,ASK
1364336832,78.46001,0.01,1364336832593793,BID
1364336870,78.58,0.6108,1364336870016843,ASK
1364336901,78.46001,0.18216212,1364336901547847,BID
1364336908,78.46,0.34907985,1364336908746698,ASK
1364336908,78.46,1.11440015,1364336908803785,ASK
1364336908,78.46,0.00563943,1364336908934263,ASK
1364336929,78.45,0.02,1364336929664872,BID
1364336929,78.41,40,1364336929746036,BID
1364336929,78.3,0.5,1364336929788043,BID
1364336929,78.29,6.84946161,1364336929856630,BID
1364336929,78.28,2,1364336929904199,BID
1364336929,78.2501,6.7223,1364336929970144,BID
1364336930,78.12,40,1364336930008689,BID
1364336930,78.11089,1.28023129,1364336930173281,BID
1364336930,78.02,2.6280071,1364336930229041,BID
1364337028,78.10001,3.33154536,1364337028208713,BID
1364337032,78.10001,0.70373956,1364337032147792,BID
1364337032,78.1,0.064,1364337032230621,BID
1364337043,78.1,0.0918,1364337043375189,ASK
1364337045,78.1,0.16046044,1364337045607333,ASK
1364337049,78.1,0.05348681,1364337049187918,BID
1364337056,78.1,0.78605275,1364337056228581,BID
1364337056,78.03,1,1364337056319270,BID
1364337057,78.02,1.29170735,1364337057449470,BID
1364337059,78.02,10,1364337059008625,BID
1364337063,78.45999,4.48056604,1364337063425538,ASK
1364337063,78.46,1.06,1364337063572290,ASK
1364337063,78.46,0.53,1364337063647836,ASK
1364337063,78.46,0.265,1364337063710281,ASK
